2646 4824
122 407 209 455 uxrv
367 392 617 493 REGENSUS
641 394 932 465 EDITIONUM

306 515 390 569 Rome
403 518 594 588 impresserunt
607 516 670 570 talia
681 519 765 572 multa
780 520 867 574 simul.

269 610 300 646 u.
313 609 384 646 cccc.
396 610 479 649 exara·
488 595 532 649 die
546 613 610 649 xrrr.
625 597 798 669 Septembris.

127 733 193 794 Fol.
205 735 253 795 Cf.
268 736 370 797 Maitt.
383 760 414 820 p.
427 738 496 800 313.
511 741 632 800 Panzer
645 742 679 800 T.
695 740 742 817 ll,
755 763 786 825 p.
800 739 870 817 43ι.

226 832 389 895 Suetonius
401 836 439 897 de
454 837 544 898 elaris
558 823 775 900 Grammaticae
795 853 825 899 et
840 838 1008 902 Rhetoricae
1026 844 1184 926 scriptori·

127 930 203 1007 bus,
221 952 256 995 or
269 936 478 1017 recognitione
489 938 536 996 Jo.
551 937 597 999 Al.
610 939 753 1000 Tuscani.
768 939 883 1022 Incipit
891 938 947 1000 fol.
967 962 991 1002 1.
1007 944 1185 1004 «Reveren-

128 1027 253 1090 dissimo
274 1031 402 1093 domino
423 1033 553 1094 domino
578 1033 715 1096 Johanni
735 1034 819 1096 tituli
839 1050 1020 1098 sauctorum
1043 1040 1133 1100 Nerei
1155 1053 1186 1101 et

128 1124 262 1188 Archilei
273 1130 443 1213 presbitero
457 1131 614 1192 Cardinali
626 1133 818 1193 Novaniensi.
829 1130 916 1195 lohes
930 1133 1062 1195 Aloisius
1071 1136 1186 1198 Tusca·
1217 1128 1220 1133 ⁴

129 1246 188 1289 nus
198 1227 370 1290 Advocatus
382 1230 612 1291 consistorialis.
621 1257 635 1288 r
648 1232 685 1291 ln
698 1251 803 1292 aversa
814 1234 929 1315 pagina
940 1235 1080 1316 sequitur
1094 1259 1108 1290 u
1116 1235 1186 1296 Sue·

129 1324 232 1384 tonius
244 1324 283 1384 de
295 1327 522 1387 Grammaticis.
534 1354 547 1384 r
566 1328 603 1387 ln
618 1327 682 1389 fine
699 1326 831 1410 legitur:
850 1354 864 1385 u
873 1330 973 1407 Finis,
988 1334 1069 1393 Laus
1082 1332 1158 1393 Deo.
1169 1356 1184 1389 a

129 1417 159 1493 4.
172 1421 248 1480 min.
260 1443 282 1481 s.
295 1421 316 1481 l.
330 1410 356 1481 a.
370 1435 400 1482 et
411 1435 533 1505 typogr.
544 1424 596 1485 sed
608 1426 688 1486 circa
701 1446 752 1486 an.
772 1423 860 1509 ι474,
875 1429 957 1509 typis
969 1431 1019 1488 Jo.
1033 1429 1186 1491 Gensber-

130 1517 172 1598 gii
195 1520 300 1578 Romae
322 1520 478 1603 impressa.
495 1557 535 1568 —-
550 1522 621 1583 Vid.
643 1523 776 1585 Audiffr.
795 1547 827 1607 p.
847 1525 917 1606 393.
937 1527 1057 1586 Panzer
1078 1528 1113 1588 T.
1138 1527 1184 1603 ll,

131 1638 161 1698 p.
176 1616 243 1678 528.
256 1618 408 1702 Reviczlry
420 1642 450 1702 p.
470 1621 534 1682 185.

176 1711 259 1795 [474.
276 1714 435 1776 Modestus
452 1716 536 1779 dere
555 1718 693 1780 militari.
707 1720 912 1802 (Pomponius
926 1723 1046 1802 Laetus)
1063 1721 1101 1782 de
1120 1743 1186 1782 ma·

131 1813 310 1894 gistratibus
324 1815 425 1892 urbis,
445 1829 475 1878 et
495 1818 688 1895 sacerdotiis,
707 1818 791 1879 etde
810 1817 939 1899 legibus.
964 1821 1127 1881 Suetonius
1149 1821 1187 1882 de

131 1911 348 1972 Grammaticis
375 1927 405 1974 et
429 1912 615 1976 Rhetoribus
638 1936 673 1975 ex
703 1915 880 1976 recensione
902 1914 1055 1978 Johannis
1080 1917 1188 1978 Aloisii

132 2009 275 2070 Tuscani.
289 2010 327 2069 In
341 2009 422 2071 fine:

279 2168 290 2192 u
302 2147 388 2214 Quem
400 2146 478 2219 legis,
493 2150 636 2220 impressus
648 2149 712 2201 dum
724 2149 805 2203 stabit
816 2151 844 2202 in
858 2169 910 2203 tere
922 2163 1041 2203 caracter

311 2227 382 2277 Dum
393 2245 448 2278 non
462 2227 542 2299 longa
555 2229 612 2281 dies
627 2231 671 2282 uel
686 2231 743 2282 fera
755 2232 810 2282 fata
825 2244 945 2300 prement

278 2304 399 2356 Candida
412 2321 541 2378 perpetue
556 2328 612 2360 non
624 2309 706 2361 deerit
720 2311 790 2361 fama
807 2312 937 2362 Cremone

313 2384 467 2438 Phidiacum
481 2387 543 2440 hinc
558 2403 665 2460 superat
680 2389 881 2442 Bartholomeus
894 2389 961 2441 ebur

226 2525 231 2537 ι
279 2463 371 2516 Gedite
383 2464 591 2538 chalcographi:
606 2470 745 2521 millesima
757 2484 843 2522 vestra
858 2470 942 2540 ligura
954 2481 993 2521 est

314 2544 481 2619 Arclretypus
496 2547 570 2618 fingit
584 2549 657 2600 solus
671 2563 698 2600 at
712 2553 760 2602 iste
775 2562 861 2601 notas.

137 2699 171 2736 ru.
186 2696 267 2735 cccc.
282 2658 572 2748 nxx1111,dierixvu
588 2672 663 2732 Mai.
678 2671 828 2732 Nicholao
841 2670 987 2732 Marcello
1004 2671 1082 2732 duce
1097 2691 1194 2732 uene·

136 2773 256 2832 ciarum
268 2783 417 2852 regnante
432 2772 616 2852 impressum
631 2770 691 2830 fuit
704 2769 854 2852 hocopus
870 2769 1019 2830 foeliciter.
1037 2771 1104 2830 Deo
1120 2792 1193 2851 gra-

137 2870 204 2930 tias.
216 2896 230 2926 u
245 2868 273 2945 4.
284 2904 322 2916 -·
334 2869 380 2928 Sic
395 2868 433 2928 de
448 2868 479 2928 la
493 2868 573 2928 Vall.
589 2871 619 2944 l,
635 2892 664 2951 p.
679 2870 747 2949 590.
764 2869 802 2927 ln
819 2867 1000 2952 exemplari,
1017 2867 1102 2949 quod
1120 2888 1195 2928 con·

137 2967 233 3028 suluit
246 2966 419 3041 Maittaire‚
438 2965 496 3026 ho's
513 2987 618 3026 versus
637 2965 689 3025 ille
708 2987 773 3026 non
793 2966 929 3040 invenit,
947 2965 997 3025 sed
1014 2979 1196 3046 sequentem

131 3066 413 3146 subscriptionem:
432 3088 445 3118 u
457 3065 625 3146 lmpressus
645 3065 747 3146 Opera
760 3079 790 3123 et
805 3063 965 3146 impendio
982 3062 1197 3125 Bartholomei

138 3159 357 3220 Cremonensis
367 3181 402 3220 ac
416 3158 627 3220 Bartholomei
638 3160 677 3220 de
689 3158 780 3220 Carlo
793 3160 991 3220 Vercellcnsis
1005 3158 1069 3241 ejus
1086 3181 1197 3221 conso·
1220 3185 1223 3190 ·

138 3260 195 3332 cii,
209 3258 332 3318 Venetis
344 3256 394 3316 die
408 3278 509 3332 xxvu,
523 3256 620 3315 Madii
636 3279 670 3316 m.
686 3277 766 3316 cccc.
778 3277 899 3316 nxxuu.
912 3255 1035 3316 Nicolao
1045 3256 1196 3317 Marcello

137 3358 254 3440 inclyto
272 3358 472 3417 Venetiarum
490 3356 576 3416 duce.
588 3383 601 3412 n
624 3355 786 3437 Duplicem
802 3377 874 3437 ergo
892 3369 1008 3415 exstare
1026 3354 1197 3417 editionem

138 3456 311 3517 verosimile
325 3469 377 3516 est.
391 3456 437 3515 of.
448 3456 548 3516 Maitt.
562 3479 591 3537 p.
604 3455 662 3535 339
676 3468 705 3514 et
718 3453 786 3530 384.
797 3456 956 3514 PanzerT.
968 3455 1027 3528 ΙΙΙ,
1040 3475 1070 3535 p.
1086 3454 1153 3513 103.

184 3553 268 3636 1475.
284 3555 321 3613 ln
333 3553 393 3613 hoc
408 3554 512 3614 codice
526 3555 730 3614 continentur
748 3553 1015 3612 Caius'Suetouius
1028 3552 1198 3634 Tranquil-

140 3653 189 3712 lus
203 3652 241 3713 de
262 3674 307 3712 xu
325 3652 509 3724 Caesaribus,
527 3653 622 3712 AElius
641 3653 837 3734 Spartianus,
860 3651 960 3711 Julius
980 3650 1197 3733 CapitolinuS,

140 3751 236 3811 AElius
246 3750 457 3832 Lampridius,
469 3750 638 3810 Trevellius
653 3749 766 3824 Pollio,
776 3748 900 3809 Flavius
912 3748 1074 3830 Vopiscus,
1087 3750 1199 3810 Eutro-

142 3851 210 3932 pius
222 3863 252 3909 et
266 3849 379 3909 Paulus
396 3851 569 3924 DiaconuS,
584 3849 622 3909 de
636 3870 745 3929 regum
760 3861 790 3908 et
803 3849 1026 3930 imperatorum
1037 3849 1197 3908 Romano·

141 3968 212 4007 rum
228 3949 301 4007 vita.
322 3983 360 3992 —
381 3948 584 4008 Praemittitur
609 3947 746 4029 Epistola
768 3947 846 4006 Boni
871 3946 1004 4005 Accursii
1024 3945 1131 4005 Pisani
1158 3947 1197 4008 ad

131 4044 289 4113 =Gicchum
304 4047 490 4109 Simonetam
503 4049 642 4130 primum
657 4045 800 4108 ducalem
815 4042 1037 4119 secretarium,
1049 4064 1123 4106 cum
1136 4045 1196 4107 Au·
