2646 4824
138 3548 142 3575 l

206 417 272 464 xxx
451 393 703 458 RECENSUS
726 391 1017 459 EDITIONUM

206 522 425 594 Casaubonus,
440 517 552 578 habuit
567 530 597 578 et
610 519 818 577 Burmannus.
830 552 870 562 -
882 519 1001 577 Panzer
1014 520 1048 578 Τ.
1060 519 1131 596 Vll,
1147 541 1179 602 p.
1195 509 1262 602 apr.

235 635 285 663 ¹-
298 602 461 678 Suetonius
476 615 514 674 de
528 614 618 674 claris
633 614 851 674 Grammaticis
866 626 895 674 et
909 613 1111 692 Rhetoribus,
1126 639 1153 678 c.
1168 617 1262 678 Plinii

206 715 366 798 Epistolis,
381 728 436 773 ete.
447 713 600 786 Venetiis,
613 712 696 793 apud
709 712 824 771 Aldum
835 725 865 771 et
878 712 1033 772 Andream
1047 704 1201 776 Sacarum.
1217 717 1245 776 8.

251 815 336 894 1509.
354 815 388 873 C.
405 813 543 873 Suetonii
562 811 739 892 Tranquilli
758 812 856 899 Divus
873 810 974 872 Julius
993 813 1095 872 Caesar
1113 810 1263 877 Dictator.

207 916 285 974 -ln
296 913 359 973 fine
370 938 377 974 ε
392 937 405 968 u
414 917 499 973 τελοσ.
512 931 561 970 cu.
576 932 682 971 arrivs
693 930 895 972 nientorouvs
906 932 1050 974 cannono
1059 934 1126 974 aaa
1137 935 1265 977 siouxro

194 1032 410 1086 monomenta.
425 1029 674 1070 Tnxxscnmnnxr
686 1011 791 1070 Mense
805 1009 890 1069 Julio
904 1031 938 1069 ns.
953 1031 983 1070 n.
993 1031 1077 1072 vnn.
1089 1009 1119 1087 4.
1132 1048 1173 1057 -
1185 1015 1266 1074 Pan·

208 1133 260 1173 zer
267 1115 302 1173 T.
313 1113 387 1185 Vll,
401 1133 430 1192 p.
443 1107 513 1190 [196.

248 1245 287 1255 —
305 1210 340 1269 C.
360 1208 524 1267 Suetonius
541 1206 656 1286 Tranq.
672 1205 712 1264 de
729 1205 897 1265 duodecim
914 1205 965 1266 Ge.
984 1208 1054 1268 vitis
1074 1208 1272 1290 diligentiori

208 1307 309 1370 studio
326 1328 344 1365 a
360 1304 480 1366 mendis
501 1323 599 1385 prope
617 1303 778 1378 omnibus,
800 1325 877 1386 quas
898 1316 1077 1388 temporum
1095 1309 1174 1367 vitio
1195 1329 1273 1369 con-

126 1405 134 1474 ’,
208 1416 357 1480 traxerat,
378 1423 432 1485 per
450 1400 630 1460 (luidonem
652 1399 861 1458 Morillonum
882 1404 1060 1483 nuperrime
1080 1404 1276 1466 vindicatus.

209 1504 359 1586 Dispersis
381 1521 438 1583 pro
462 1499 614 1559 lectorum
639 1519 698 1558 usu
721 1500 755 1557 in
777 1499 974 1578 marginibus
995 1501 1277 1585 annotatiunculis.

209 1602 290 1662 Cum
309 1601 388 1679 Aug.
408 1597 555 1657 Politiani
574 1596 799 1676 elegantissima
815 1596 849 1654 in
863 1596 997 1656 eundern
1012 1597 1200 1679 prefatione.
1214 1600 1280 1659 Ve-

210 1697 396 1758 nundantur
413 1694 539 1755 Parisiis
559 1693 593 1752 in
614 1693 682 1752 vico
704 1693 768 1751 divi
789 1693 898 1753 Jacobi
920 1695 977 1754 sub
1000 1693 1183 1777 intersignio
1205 1697 1284 1779 poti

188 1870 190 1875 .
210 1796 313 1855 stanni
322 1791 409 1873 juxta
422 1806 563 1851 sanctum
575 1791 725 1869 Yvonem.
738 1823 777 1833 —
790 1791 827 1848 ln
840 1789 917 1850 fine:
932 1793 992 1850 «ln
1006 1791 1106 1852 lucem
1115 1789 1184 1872 jam
1198 1808 1281 1875 pro·-

195 1890 447 1952 -ditC.Suetonii
458 1890 572 1968 Tranq.
586 1885 1132 1970 hystoriographi-opus-lmpressum
1145 1889 1283 1950 Perrhi-

211 1992 274 2052 sius
288 2012 305 2051 e
319 1990 445 2071 regione
456 1987 585 2067 Collegii
599 1986 747 2045 ltalorum
760 1988 910 2067 impensis
922 1989 1177 2068 gravissimorum
1188 1982 1280 2050 'viro-

212 2109 285 2147 rum
303 2086 408 2168 Egidii
428 2087 624 2158 Gourmont,
645 2084 788 2165 Dionysii
809 2086 891 2144 Roce
912 2098 941 2144 et
961 2086 1084 2145 Ponseti
1102 2084 1131 2146 le
1152 2086 1281 2147 Preme-z

212 2185 302 2244 Anno
317 2183 438 2243 domini
455 2181 619 2241 millesimo
632 2181 879 2262 quingentesimo
894 2202 1015 2243 nono.»
1032 2185 1060 2242 8.
1073 2217 1113 2226 —
1123 2183 1276 2245 Maittair.

212 2286 253 2343 T.
267 2283 311 2357 ll,
331 2304 362 2364 p.
385 2280 723 2362 199.Panzerx.vl1‚
743 2301 774 2361 p.
794 2279 861 2360 539.
879 2280 917 2341 ln
931 2281 1115 2342 Praefatione
1133 2286 1276 2366 queritur

212 2379 324 2441 Editor
336 2401 389 2440 seu
402 2392 580 2461 temporum
594 2378 769 2458 iniquitate,
777 2399 830 2438 seu
838 2377 1139 2461 chalcographorum
1150 2382 1273 2466 imperi·

212 2478 257 2537 tia
276 2477 357 2537 male
375 2474 476 2536 adhuc
495 2475 639 2535 Suetonio
660 2477 789 2535 cessisse.
805 2479 911 2537 Tantis
932 2477 1017 2537 enim
1035 2479 1155 2540 mendis
1174 2481 1271 2543 immo

214 2576 361 2637 monstris
375 2573 593 2634 monstralibus
607 2575 762 2646 scatuisse,
783 2587 818 2634 ut
833 2587 898 2633 tam
914 2575 1046 2635 arduum
1061 2598 1127 2636 non
1147 2580 1271 2641 molitus

214 2687 290 2734 esset
305 2672 484 2753 negotium,
504 2672 564 2730 nisi
585 2673 618 2729 in
637 2685 724 2730 vetus
742 2685 771 2730 et
790 2672 831 2730 ob
851 2673 884 2732 id
898 2674 1100 2734 emendatum
1118 2676 1273 2765 incidisset

215 2771 380 2853 exemplar,
392 2771 432 2830 ab
445 2771 574 2852 antiqua
586 2772 614 2829 S.
624 2771 756 2832 Victoris
766 2770 956 2862 Bibliotheca
968 2786 1273 2839 extractum-auctore

215 2872 333 2933 Jacobo
347 2871 386 2931 de
404 2871 497 2930 Curia
513 2871 686 2951 Campano.
708 2873 747 2931 At
767 2885 872 2932 tamen
893 2874 992 2956 ipsam
1013 2873 1093 2935 hanc
1111 2878 1274 2939 Morilloni

216 2968 386 3028 editionem
400 2968 631 3027 vitiosissimam
646 2989 707 3028 esse
719 2981 849 3028 testatur
863 2971 983 3030 Ernesti
997 2971 1031 3030 in
1043 2973 1176 3034 Fabricii
1191 2977 1225 3036 B.
1240 2979 1273 3036 L.

215 3065 250 3123 Τ.
266 3064 312 3139 Il,
327 3085 358 3145 p.
371 3062 440 3139 455,
453 3062 507 3145 qui
524 3062 588 3144 ejus
602 3064 695 3124 etiam
709 3064 884 3147 exemplum
899 3065 1009 3127 habuit
1020 3069 1085 3129 sine
1098 3073 1174 3131 anni
1188 3085 1274 3136 nota.

219 3186 233 3217 u
243 3164 313 3221 Jam
326 3159 376 3220 hic
385 3159 588 3237 Morillonus,
598 3188 612 3217 r
625 3162 712 3222 addit
723 3163 805 3222 idem
818 3165 989 3241 Ernestius,
1005 3156 1019 3223 ir
1028 3168 1118 3228 valde
1130 3169 1276 3232 laudatur

216 3259 257 3318 ab
273 3258 409 3318 Adriano
426 3259 538 3334 Junio,
557 3259 651 3318 etiam
666 3262 700 3319 P.
716 3261 839 3321 Nannio
859 3262 893 3320 in
909 3263 997 3323 Misc.
1016 3266 1052 3324 L.
1064 3267 1102 3324 V.
1121 3267 1227 3344 initio,
1241 3281 1278 3329 ut

217 3359 257 3417 ab
277 3355 341 3437 ejus
358 3377 431 3416 cura
453 3357 571 3438 aliquid
591 3379 658 3417 non
673 3359 895 3420 contemnendi
912 3360 1065 3443 proficisci
1081 3365 1216 3445 potuisse
1233 3368 1279 3427 vi·

216 3454 337 3515 deatur.
353 3457 392 3514 Et
407 3453 539 3515 fortasse
554 3453 619 3515 haec
636 3458 776 3540 exempla
795 3472 867 3518 sunt
880 3461 1075 3542 repetitiones
1091 3463 1208 3523 vitiosae
1222 3485 1279 3546 per

216 3550 489 3634 typographorum
513 3554 689 3614 incuriam:
714 3577 789 3614 narn
814 3570 843 3616 et
866 3571 1010 3618 nostrum
1031 3561 1209 3641 exemplum
1234 3573 1280 3622 est

124 3674 128 3681 ¹
219 3650 466 3726 vitiosissimum,
487 3650 539 3711 sed
560 3651 593 3709 in
614 3672 725 3733 genere
739 3654 989 3736 typographico:
1005 3669 1034 3715 et
1053 3669 1150 3718 exstat
1167 3658 1280 3719 melior

218 3749 296 3808 anni
313 3748 397 3808 1508.
409 3774 423 3804 n

255 3847 349 3926 ¹1509.
367 3847 532 3907 Suetonius
548 3846 586 3908 de
601 3848 691 3908 claris
705 3849 923 3911 Grammaticis
939 3865 969 3912 et
983 3814 1180 3915 Rhetoribus.
1197 3855 1280 3916 Cum

219 3943 316 4004 Plinii
326 3945 471 4027 Epistolis
486 3959 517 4005 et
531 3946 617 4007 Julio
632 3948 837 4031 Obsequente.
849 3951 999 4029 Venetiis,
1019 3953 1053 4013 in
1070 3954 1191 4014 aedibus
1207 3954 1281 4016 Aldi
