2646 4824
131 415 189 464 xiv
319 390 580 457 PRAEFATIO
606 391 728 457 uovl
753 393 1000 463 EDITORIS.

128 540 255 647 ptoris
268 537 485 614 sexcenties
495 532 676 640 repetiti?
688 537 817 614 Immo
830 536 969 617 utilius
981 541 1105 620 fuerit
1114 542 1186 622 eli·

128 709 222 785 gere
240 709 289 758 ex
307 682 501 754 immensa
519 679 651 782 copia,
673 707 765 782 quae
785 681 835 756 ad
855 710 940 758 rem
959 682 1182 789 plurimum

127 824 298 917 faciant,
325 817 481 896 delectu
511 819 732 924 prudenter
758 825 965 922 instituto,
997 832 1180 925 resectis,

130 993 222 1070 quae
240 964 441 1041 recentior
456 979 549 1036 aetas
569 960 813 1066 repudiavit,
835 963 995 1063 additis,
1016 997 1110 1073 quae
1123 998 1184 1045 re·

129 1111 233 1186 ctius
253 1133 363 1181 nunc
384 1104 560 1209 exposita
576 1124 689 1180 sunt:
708 1107 749 1180 in
772 1108 1058 1212 compendium
1078 1110 1182 1186 redi-

129 1281 222 1362 gere
240 1251 439 1356 longiores
455 1246 505 1323 de
525 1245 733 1325 nonnullis
750 1247 862 1345 lociS,
881 1250 946 1328 rel
963 1252 1085 1329 rebus
1102 1253 1182 1330 dis-

129 1397 382 1503 putationes,
405 1409 446 1466 et
468 1389 541 1465 ubi
568 1394 863 1468 sententiarum
885 1393 1091 1471 diversitas
1119 1424 1182 1471 ac·

129 1537 248 1632 cidit,
264 1534 415 1617 omissis
426 1560 537 1636 ,quae
548 1529 644 1608 falsa
654 1534 871 1639 minusque
879 1557 970 1641 apta
981 1538 1099 1612 etiam
1113 1537 1182 1613 do·

23 1706 25 1710 ⁴
129 1674 1182 1784 ctissimishominibusexcidunt,vera,0mniumque

128 1823 290 1930 punctis
308 1819 493 1926 probata,
521 1846 567 1893 ea
583 1819 798 1919 brevitate,
814 1848 944 1925 eoque
961 1822 1102 1900 ordine
1123 1852 1183 1900 re-

128 1965 250 2060 ferre,
285 1965 358 2068 qui
391 1981 497 2038 recta
530 1952 652 2065 atque
690 1963 873 2069 expedita
904 1966 1183 2070 quaerentibus

128 2106 357 2213 promtioris
370 2104 609 2207 cognitionis
618 2121 657 2179 et
670 2101 858 2182 facilioris
868 2105 1013 2213 judicii
1025 2109 1182 2212 copiam

127 2248 261 2324 faciat.
280 2248 357 2341 lta,
376 2273 504 2349 quum
520 2271 754 2349 persuasum
776 2245 1034 2344 haberemus,
1047 2250 1183 2323 minus

64 2492 70 2509 Ι
128 2389 295 2496 quidem
323 2385 523 2493 gloriolae,
556 2416 648 2491 quae
680 2416 728 2464 ex
759 2386 935 2467 novitate
963 2394 1181 2495 quaeritur,

128 2537 300 2611 maxime
322 2550 454 2607 autem
476 2528 641 2607 utilitati
667 2531 979 2628 consulendum,
1000 2534 1183 2634 adhunc

128 2675 255 2754 finem
268 2701 406 2752 omnes
423 2675 526 2751 vires
545 2693 698 2751 nostras
713 2679 984 2755 convertimus
999 2706 1007 2752 :
1025 2695 1065 2753 et
1072 2676 1183 2785 judi-

128 2802 282 2895 cabunt
303 2815 488 2910 fortasse,
507 2816 580 2918 qui
597 2812 851 2919 diligentiore
872 2821 1053 2894 examine
1072 2816 1183 2897 labo·

127 2989 214 3038 rem
230 2976 412 3035 nostrum
425 2955 578 3060 dignati
587 2956 759 3054 fuerint,
774 2986 857 3035 non
869 2959 1084 3036 festinante
1097 2962 1183 3036 ani-

125 3128 194 3178 mo
210 3117 331 3202 atque
347 3095 481 3174 studio
495 3124 568 3172 nos
584 3098 627 3171 in
646 3088 693 3172 eo
706 3097 829 3174 fuisse
840 3117 1181 3205 versatos,·neque

128 3240 257 3318 aliena
287 3236 407 3314 modo
435 3258 678 3333 recantasse,
707 3237 793 3334 sed,
823 3238 895 3314 ubi
925 3244 1182 3345 acquiescen-

127 3383 226 3460 dum
238 3382 359 3459 etiam
372 3381 415 3453 in
427 3377 654 3456 doctiorum
666 3378 879 3456 hominum
888 3381 1042 3488 judicio
1058 3401 1181 3488 atque

127 3524 364 3602 auctoritate
385 3537 503 3616 esset,
525 3521 696 3626 propriis
714 3539 848 3597 tamen
871 3519 997 3599 oculis
1016 3522 1181 3620 vidisse,

127 3695 262 3772 neque
276 3661 350 3739 ulli
368 3663 577 3740 industriae
591 3664 833 3770 pepercisse,
851 3694 943 3770 quae
960 3667 1183 3743 necessaria

129 3808 178 3884 ad
196 3808 348 3884 nostras
365 3806 537 3881 rationes
553 3803 769 3880 videretur.
