2646 4824
464 380 584 444 novi
608 377 854 444 EDITORIS.
1153 402 1186 449 tx

129 519 351 631 peculiares
387 521 684 599 dissertationes
718 493 1027 627 subjuniimus,
1075 523 1186 629 quod

129 668 227 741 item
252 663 467 740 Tiberium
494 663 628 740 conati
649 688 788 739 sumus
810 662 1095 741 adumbratum
1118 668 1189 742 sis-

128 826 233 904 tere,
250 805 302 883 de
318 804 504 912 reliquis,
527 832 611 882 uno
626 803 800 883 alterove
815 824 1000 910 excepte,
1023 805 1189 912 pervul-

131 965 269 1052 gatum
282 949 449 1024 Cornelii
462 964 624 1024 versum
640 944 751 1022 haud
762 945 998 1023 dubitanter
1010 974 1190 1054 pronun·

133 1108 302 1165 nantes:

210 1286 253 1344 Le
271 1294 350 1342 reste
363 1303 404 1343 ne
419 1293 494 1342 vaut
510 1302 565 1364 pas
578 1278 745 1341 l'houneur
759 1278 850 1340 d'etre
866 1283 1005 1342 nomme.

135 1487 254 1589 Quod
278 1508 415 1564 autem
437 1514 485 1563 ex
514 1485 623 1563 hisce
644 1486 889 1572 Excursibus
912 1486 1013 1564 duos
1034 1485 1191 1567 Gallico

136 1657 318 1709 sermone
346 1631 534 1736 scriptos,
560 1656 635 1706 nec
661 1632 798 1713 minus
822 1609 1052 1735 argumenti
1076 1623 1192 1709 novi-

137 1791 238 1870 tate,
270 1799 396 1875 quam
425 1773 620 1876 gravitate
650 1772 962 1868 sententiarum,
985 1791 1024 1849 et
1050 1775 1192 1877 exqui-

85 1891 88 1895 .
137 1915 312 1996 sitissimi
340 1912 391 1993 dc
424 1910 546 1988 rebus
579 1911 896 2016 hominibusque
919 1912 1064 2020 judicii
1094 1942 1193 1991 acu·

138 2057 245 2136 mine
268 2050 632 2148 commendabiles,
656 2081 758 2157 quos
783 2055 846 2128 vir
868 2053 1034 2159 quidam
1058 2028 1193 2131 litem-

140 2201 311 2288 tissimus
335 2197 547 2276 nobiscum
567 2199 901 2292 communicavit,
928 2200 1195 2298 inseruimus;

140 2342 212 2420 hoc
237 2342 529 2419 humanissimo
551 2337 691 2418 lectori
714 2342 982 2444 gratissimum
999 2340 1086 2418 lore
1103 2362 1199 2447 spe*

140 2510 292 2579 ramus,
319 2484 391 2587 qui
417 2478 534 2558 facile
561 2480 871 2578 animadvertet,
899 2510 971 2559 nos
993 2480 1096 2557 nihil
1124 2501 1197 2558 aut

140 2622 257 2722 utile,
278 2643 349 2701 aut
366 2624 600 2732 jucundum
623 2628 941 2731 praetermisisse,
966 2647 1195 2729 nostraeque

140 2762 299 2862 Galliae,
315 2783 375 2842 tot
391 2765 653 2871 scriptoribus
673 2765 896 2861 ditissimae,
913 2764 1119 2842 clarissimi
1133 2769 1199 2843 in·⁸

141 2906 246 3008 genii
267 2904 391 2982 decus
408 2906 598 2995 accedere
614 2928 724 2999 certo
737 2906 982 3001 laetabitur*

191 3047 393 3124 Excursus
410 3050 577 3155 insuper
593 3050 791 3146 Ernestii,
810 3077 910 3154 quos
931 3053 1196 3158 Baumgarte-¹

143 3191 232 3293 nius
254 3194 318 3268 vir
338 3188 388 3280 cl.
410 3192 606 3279 indicasse
625 3213 842 3283 contentus
863 3194 1106 3301 neglexerat,
1124 3195 1195 3286 dae

142 3359 223 3427 uuo
244 3336 475 3429 curavimus
493 3335 785 3421 exscribendos.

176 3606 229 3658 'ln
242 3607 364 3657 Excursu
374 3605 410 3657 ad
422 3608 510 3660 Vitam
524 3608 553 3660 C.
567 3610 591 3660 J.
604 3609 713 3661 (unsaris
725 3609 844 3687 quedam
857 3611 894 3660 ita
908 3611 1065 3686 corrigenda
1079 3625 1159 3682 sunt:

140 3751 200 3822 rag.
220 3750 288 3817 148,
304 3750 351 3801 lin.
367 3751 418 3818 30,
430 3770 494 3824 pro,
509 3756 561 3805 soit
578 3754 658 3828 qu’on
677 3774 712 3808 nc
727 3774 755 3808 se
773 3756 881 3828 plaigne
893 3775 942 3828 pas
957 3757 1091 3831 lorsqu’on
1104 3761 1196 3830 espiers

174 3836 317 3906 attendrir,
337 3837 387 3912 leq.
405 3842 457 3893 soit
473 3841 592 3915 que‘l'on
607 3863 642 3896 ne
660 3864 688 3898 se
702 3844 811 3916 plaigne
828 3865 880 3918 que
897 3844 1032 3920 lorsqu’on
1050 3850 1141 3933 espiers
1156 3861 1197 3899 at·

174 3928 301 3995 undm,
1078 3930 1105 3979 41⁴:
1126 3951 1130 3957 ·
1154 3971 1158 3978 .

139 4034 199 4105 rag.
216 4034 282 4104 150,
294 4033 339 4087 lin.
359 4053 389 4103 1,
402 4055 468 4109 pro,
485 4050 512 4092 et
524 4039 557 4092 de
569 4039 595 4092 la
605 4041 692 4093 farine
702 4038 735 4092 da
748 4041 829 4114 saigle
841 4042 949 4116 dclayee
964 4055 989 4096 ct
1002 4039 1131 4107 bouillie,
1146 4039 1196 4112 lay.

170 4137 197 4178 et
210 4123 244 4178 de
256 4125 283 4178 la
294 4126 381 4181 farine
391 4124 425 4181 de
437 4128 518 4202 seigla
532 4127 640 4204 dclayce
653 4149 686 4186 en
697 4130 818 4186 bouillie.
1107 4144 1129 4169 ³
1154 4198 1160 4207 x
