2646 4824
271 377 491 456 RECENSUS
509 390 763 456 EDlTlONUM
781 392 818 456 C.
836 391 1057 459 SUETONII.
1112 414 1197 463 xxtu

146 512 277 595 dorpius
297 513 345 574 Cf.
362 514 466 573 Maitt.
486 535 517 595 p.
537 534 610 594 290,
628 514 747 573 Panzer
762 516 796 573 T.
815 516 858 590 ll,
880 538 911 598 p.
929 514 998 600 417,
1017 516 1076 577 col.
1093 517 1128 579 T.
1141 520 1197 579 lv.

144 633 170 692 p.
183 609 253 686 413.
266 646 306 657 —-
319 612 436 672 Eodem
450 632 537 672 anno
557 613 686 688 iterum,
701 613 752 674 sed
767 634 803 673 ex
817 612 937 674 diverso
954 615 1069 676 Codice
1085 616 1198 678 descri-

143 722 225 790 ptus,
246 709 351 767 Romae
365 706 491 790 prodiit.

176 805 390 864 -Suetonius
401 804 605 886 Tranquillus
618 805 656 865 de
667 827 713 865 xu
729 807 917 893 Caesaribus,
932 828 968 868 ex
986 810 1199 889 recognitione

140 904 186 965 Jo.
206 903 339 963 Andreae
360 901 431 963 Aler
450 903 549 985 Episc.
572 904 721 964 Praecedit
741 903 878 986 ejusdem
897 907 1033 987 Epistola
1058 907 1097 968 ad
1118 911 1199 970 Pau·

141 1002 203 1061 lum
219 1023 254 1061 11.
268 1003 303 1061 Ρ.
314 1003 357 1062 Μ.
373 1001 460 1084 cujus
473 1002 512 1061 ad
529 1001 643 1062 calcem
664 1002 804 1085 sequitur
814 1005 946 1064 Ausonii
958 1025 1082 1066 carmen
1099 1007 1138 1068 de
1152 1030 1198 1068 xu

142 1101 314 1159 Caesaribus
330 1088 384 1182 per
398 1100 581 1160 Suetonium
595 1100 731 1182 scriptis,
750 1099 785 1175 dt
803 1101 939 1162 versibus
952 1116 1108 1164 constans.
1124 1107 1199 1166 Post

140 1194 192 1256 hos
205 1219 312 1258 versus
323 1196 456 1278 legitur:
473 1222 487 1251 ιι
496 1196 565 1255 Tibi
577 1198 668 1257 Pater
680 1196 853 1258 beatissime
860 1220 967 1259 omnes
975 1200 1073 1259 uitam
1089 1217 1199 1284 optant

141 1309 167 1356 et
176 1295 358 1357 felicitatem
370 1297 578 1356 diutissimam
588 1297 746 1357 Dominici
757 1298 915 1375 Natalisu.
924 1318 1005 1358 cccc.
1015 1319 1083 1358 Lxx.
1093 1301 1199 1361 Ponti·

140 1392 244 1453 ficatus
256 1414 333 1453 uero
348 1395 394 1453 tui
407 1414 492 1452 anno
503 1410 561 1454 vn.
572 1419 586 1449 ιι
600 1394 778 1475 Sequuntur
790 1393 863 1455 dein
879 1420 892 1450 ιι
902 1396 1035 1458 Rubrice
1044 1395 1197 1463 librorum

141 1513 190 1574 per
207 1493 387 1559 ordinem.»
402 1494 439 1552 In
454 1490 536 1551 fine:

279 1666 385 1736 Aspicis
397 1664 507 1718 illustris
522 1662 608 1716 lector
620 1666 772 1737 quicunque
784 1663 888 1718 libellos

315 1744 342 1795 Si
357 1745 434 1815 cupis
446 1743 576 1794 artificum
590 1749 700 1796 nomina
714 1763 808 1796 nosse:
824 1745 891 1815 lege.

277 1826 379 1896 Aspera
393 1822 492 1876 ridebis
503 1827 664 1894 cognomina
675 1837 786 1877 teutona
801 1826 890 1877 forsan

312 1903 416 1973 Mitiget
432 1922 473 1954 ars
488 1906 570 1956 musis
585 1906 664 1956 inscia
681 1904 762 1955 uerba
778 1906 875 1957 uirum.

261 1981 418 2033 'Conradus
432 1981 630 2055 suueynheym:
646 1982 781 2035 Arnoldus
796 1999 981 2056 pannartzque
996 1988 1114 2056 magistri

302 2065 396 2117 ‚Rome
410 2065 604 2133 impresserunt
616 2063 678 2114 talia
694 2063 779 2115 multa
793 2064 881 2117 simul.

276 2147 369 2195 Petrus
383 2161 445 2194 cum
457 2144 695 2196 fratreFrancisco
710 2146 843 2197 Maximus
859 2145 939 2197 ambo

348 2227 417 2277 Huic
430 2228 506 2297 operi
517 2240 636 2298 aptatam
650 2228 821 2280 contribuere
833 2227 952 2283 domum·

567 2325 596 2359 u.
612 2322 684 2358 cccc.
698 2325 754 2359 txx.

137 2464 198 2526 Fol.
220 2463 269 2525 ef.
290 2463 393 2523 Maitt.
410 2484 441 2543 p.
463 2465 532 2543 289.
557 2466 676 2524 Panzer
696 2465 730 2524 T.
752 2465 798 2540 ll,
818 2487 848 2546 p.
873 2464 942 2541 421.
965 2467 1052 2526 Com.
1074 2467 1114 2527 de
1134 2470 1192 2529 Re.

136 2563 239 2644 viczky
252 2563 288 2621 in
302 2560 379 2620 Bibl.
394 2560 448 2620 Gr.
462 2574 492 2619 et
505 2563 571 2624 bat.
585 2583 616 2642 p.
636 2559 692 2637 184
707 2582 750 2641 sq.
766 2562 813 2622 ed.
827 2583 884 2622 sec.

174 2658 260 2742 1471.
277 2658 414 2719 Suetonii
428 2658 508 2717 vitae
520 2662 566 2717 alu
580 2659 745 2718 Caesarum.
758 2659 796 2718 ln
811 2657 893 2718 line:

273 2838 332 2887 Hoc
347 2853 396 2906 ego
410 2835 538 2888 Nicoleos
552 2837 646 2888 Gallus
660 2840 822 2908 cognomine
834 2841 935 2892 Jenson

309 2917 434 2984 Impressi
446 2937 452 2966 ι
465 2917 535 2967 mirae
551 2918 610 2986 quis
624 2932 703 2988 neget
715 2919 786 2969 Artis
802 2919 890 2989 opus?

273 2998 309 3048 At
323 2995 372 3047 tibi
386 2996 451 3047 dum
465 2995 562 3067 legitur
577 2996 659 3049 docili
673 2998 816 3050 Suetonius
831 3017 893 3060 ore;

309 3076 425 3129 Artificis
438 3095 539 3129 nomen
553 3077 610 3144 fac,
624 3096 705 3148 rogo,
718 3079 828 3145 Lector,
843 3098 925 3139 ames.
953 3113 956 3116 «

130 3269 163 3307 u.
173 3267 256 3310 cccc.
268 3264 351 3305 sxxt.
364 3245 542 3324 (venetiis.)
555 3243 644 3305 Char.
655 3247 745 3306 Rom.
760 3269 783 3307 s.
794 3249 873 3329 sign.
889 3260 965 3313 cust.
978 3260 1008 3306 et
1018 3268 1087 3329 pag.
1098 3266 1187 3306 num.

128 3343 342 3406 tot-Maio.
356 3364 387 3424 p.
405 3343 475 3403 303.
493 3344 614 3403 Panzer
630 3345 664 3403 T.
684 3345 744 3420 lll,
763 3368 794 3428 p.
814 3347 862 3428 76.
876 3346 953 3422 Quis
964 3343 1036 3404 huic
1048 3343 1096 3404 ed.
1115 3365 1191 3426 prae÷

127 3441 238 3516 fuerit,
262 3460 331 3499 non
351 3451 483 3499 constat.
506 3439 630 3500 Solebat
656 3441 810 3500 Jensonus
831 3442 878 3501 uti
899 3462 993 3524 opera
1015 3441 1189 3502 Omniboni

128 3537 304 3601 Leoniceni.
399 3573 400 3578 κ

172 3634 258 3718 1472.
276 3635 311 3693 C.
329 3636 492 3695 Suetonius
507 3634 708 3715 Tranquillus
725 3635 763 3695 de
779 3657 824 3695 x11
840 3635 1020 3698 Caesaribus.
1038 3637 1189 3701 Praecedit

128 3736 244 3817 absque
256 3731 323 3792 ulla
334 3733 519 3814 praefatione
529 3733 656 3794 Ausonii
668 3754 794 3795 carmen
806 3736 839 3794 in
855 3733 979 3796 laudem
997 3737 1097 3818 operis
1113 3754 1194 3814 'cum‘

128 3832 242 3896 rubrio.
259 3829 423 3890 librorum.
440 3831 477 3889 ln
492 3828 556 3889 fine
572 3829 699 3910 legitur:

271 3991 377 4060 Aspicis
390 3987 498 4042 illustris
511 3988 612 4057 lector,
627 4004 677 4041 etc.
716 3968 718 3971 Ι

266 4069 409 4123 'conradus
421 4070 608 4144 Suueynheym
621 4093 626 4121 :
643 4069 779 4133 ritboldus
792 4085 976 4145 pannartzque
989 4069 1110 4142 magistri
