2646 4824
148 344 203 433 1v'
283 425 285 429 ,
544 363 810 429 Parasito

147 523 350 632 amplioris
377 525 716 628 interpretationis
747 542 787 599 et
811 526 1059 602 occasionem
1083 526 1204 605 dede-

146 683 262 759 runt,
278 682 318 740 et
335 661 562 740 effecerunt
580 662 665 738 fere
683 666 968 742 necessitatem.
992 668 1203 774 Ejusmodi

144 806 324 912 profecto
342 824 437 882 sunt
456 808 630 882 vitarum
652 807 883 912 scriptores,
911 809 1037 914 inque
1059 813 1200 915 primis

145 950 377 1047 Suetonius,
403 951 475 1054 qui
497 975 559 1025 res
582 946 745 1054 publice
764 964 891 1054 gestas
910 952 1132 1050 Caesarum,
1152 973 1199 1030 ut

142 1089 344 1198 Plerisque
361 1091 455 1166 satis
468 1106 601 1186 notas,
622 1087 855 1166 brevissima
870 1093 1100 1168 narratione
1114 1121 1198 1169 me-

141 1260 313 1310 morasse
336 1249 770 1326 contentus,'versatur
790 1233 960 1308 maxime
980 1234 1025 1309 in
1046 1234 1197 1310 descri-

139 1377 284 1455 bendis
297 1374 478 1452 moribus
492 1372 654 1452 illorum
668 1394 895 1482 temporum
909 1396 948 1454 et
964 1379 1196 1479 hominum,

138 1524 182 1596 in
197 1518 442 1626 exponendis
458 1517 580 1594 rebus
595 1517 822 1596 domesticis
843 1547 891 1596 ac
909 1518 1195 1620 familiaribus,

137 1666 181 1738 in
198 1659 336 1737 multis
353 1629 548 1764 denique,
566 1663 763 1736 minutius
777 1662 1084 1767 prosequendis,
1101 1694 1196 1770 quae

136 1830 231 1881 vera
247 1805 410 1880 historia
428 1821 476 1877 ut
493 1800 597 1880 levia
613 1830 766 1907 suaque
788 1801 983 1908 dignitate
1002 1804 1194 1884 inferiora

136 1945 441 2053 praetermittere
460 1939 571 2019 solet.
592 1941 654 2018 lbi
677 1944 802 2048 igitur
820 1941 948 2019 multa
969 1943 1194 2052 supplenda

136 2118 184 2168 ex
193 2087 280 2166 aliis
293 2085 577 2193 scriptoribus,
589 2083 719 2161 multa
733 2112 825 2191 quae
838 2085 888 2162 ad
902 2084 1026 2192 leges,
1043 2117 1192 2186 mores,

118 2233 337 2324 instituta,
359 2245 488 2304 totum
507 2228 601 2304 vitae
614 2228 741 2329 genus
757 2222 865 2302 illius
879 2228 955 2303 aevi
966 2230 1191 2333 pertinent,

135 2372 303 2449 uberius
318 2367 566 2475 explananda
582 2397 592 2443 :
608 2369 828 2474 praesertim
842 2396 991 2472 quum,
1006 2396 1192 2477 oppressa

134 2514 339 2608 libertate,
365 2537 511 2586 novam
526 2509 699 2585 formam
716 2506 942 2613 respublica
964 2537 1047 2586 non
1067 2517 1193 2618 magis

52 2755 56 2761 .
136 2684 259 2762 quam
273 2655 356 2730 vita
370 2669 410 2727 et
424 2647 564 2755 lingua
574 2650 852 2726 Romanorum
867 2649 1075 2728 induisset.
1085 2655 1192 2730 Prae-

134 2802 279 2905 cipuus
292 2814 428 2871 autem
449 2795 494 2868 in
511 2818 557 2868 ea
577 2820 622 2868 re
633 2819 729 2869 usus
743 2813 802 2870 est
817 2792 1071 2891 Graecorum,
1089 2824 1194 2901 quos

135 2959 290 3020 constat
304 2966 387 3016 suae
400 2938 512 3042 genti
524 2937 749 3012 accuratius
763 2952 980 3042 exponere,
996 2965 1089 3042 quae
1102 2939 1195 3017 Ro-

134 3084 244 3160 mani
263 3078 391 3157 levius
407 3097 597 3182 tangunt,
618 3076 765 3154 addere
780 3081 901 3155 etiam
921 3077 1048 3155 multa
1064 3084 1192 3158 serius

133 3223 318 3323 collecta,
333 3250 425 3329 quae
440 3223 552 3328 prior
566 3240 660 3298 aetas
675 3219 741 3298 vel
757 3188 1026 3327 ignoraverat,
1043 3221 1107 3300 vel
1122 3253 1193 3301 au·
1223 3287 1225 3293 s

131 3368 219 3445 dire
233 3390 317 3445 non
333 3363 595 3465 sustinuerat,
615 3395 633 3438 11
644 3391 748 3469 saepe
767 3363 945 3469 denique
960 3392 1006 3440 ea
1022 3367 1193 3444 veritate

134 3546 152 3588 u
164 3515 225 3590 uti
240 3530 281 3587 et
292 3508 493 3606 libertate,
507 3528 631 3614 quam
648 3527 761 3585 sueta
774 3511 944 3587 servitus
958 3528 1191 3614 metusque,

132 3657 227 3738 uvel
255 3654 435 3733 studium
460 3656 636 3760 partium
656 3673 697 3729 et
722 3656 894 3760 propriae
917 3654 1047 3756 gentis
1073 3652 1191 3729 adbi-

132 3803 258 3880 ubere
279 3814 492 3876 vetuerant
505 3798 719 3876 Romanos.
732 3831 749 3870 a
767 3799 923 3875 Horum
936 3798 1075 3901 itaque
1090 3800 1190 3872 scri-

126 3964 194 4054 pta
212 3940 548 4046 Baumgartenius
564 3941 628 4017 vir
640 3936 691 4016 ci.
707 3938 884 4016 studiose
904 3933 1101 4032 contulit,
1125 3965 1190 4012 re-

124 4090 290 4196 petitam
312 4086 527 4161 institueus
548 4078 724 4159 sontium
751 4080 987 4158 Graecorum
1012 4081 1186 4156 maxime
