2646 4824
105 382 186 433 xxvi
224 411 227 419 .
296 375 302 388 “
349 360 921 432 REchsUsEfflTtouuM

146 517 186 530 -
196 481 359 542 Suetonius
374 480 412 540 de
429 482 493 540 vita
508 501 554 539 xn
569 481 734 545 Caesarum.
749 485 818 545 Fol.
831 509 854 548 s.
867 511 900 549 n.
915 491 937 552 l.
948 506 979 552 et
990 508 1122 582 typogr‚
1135 538 1178 550 ...

106 585 209 647 Maitt.
227 601 258 661 p.
273 576 308 654 [μ
318 601 343 640 1.
355 581 472 640 Panzer
485 582 519 640 Τ.
531 581 589 655 IV,
603 604 634 663 p.
653 582 700 642 23.
779 669 785 676 ι

151 681 237 756 1488.
260 681 293 739 C.
316 682 454 740 Suetonii
475 680 650 761 Tranquilli
673 682 711 743 de
730 684 801 744 Vita
823 707 869 745 xu
892 689 1071 770 Caesarum,
1099 720 1177 760 cum

106 781 191 843 Phil.
203 778 345 839 Beroaldi
361 780 424 838 vita
434 779 578 840 Suetonii.
596 781 633 839 ln
646 782 745 864 prima
760 787 877 867 pagina
892 788 997 851 ultimi
1013 793 1086 855 folii
1108 800 1178 876 pri.

106 905 196 948 mum
209 879 334 963 quidem
344 878 458 960 legitur
471 900 598 960 sequens
612 905 625 934 ιι
638 881 676 940 ad
691 881 836 945 lectorem
847 913 860 942 ιι
872 891 1035 951 monitum
1048 918 1054 953 :
1072 920 1087 950 ιι
1098 899 1177 974 Qui.

11 1038 15 1047 ,
107 1000 231 1061 cunque
249 976 466 1074 Tranquillum
486 977 742 1040 emendatissima
763 980 903 1044 lectionis
924 985 1042 1049 habere
1064 996 1176 1075 cupis:

106 1081 193 1152 hunc
213 1087 344 1136 emeret
362 1095 484 1140 securus
497 1074 558 1136 abi.
575 1077 656 1138 Nam
675 1077 781 1138 Simon
804 1083 963 1163 pasqualis
985 1088 1003 1144 J
1007 1089 1175 1154 odertinus

106 1182 260 1260 (vestrum
277 1171 432 1234 ardulides
452 1172 610 1255 delitium)
628 1193 771 1238 accurata
794 1180 826 1239 id
844 1183 907 1262 egit
926 1187 1172 1252 emendatione:

107 1289 145 1337 ut
156 1274 243 1358 quod
256 1270 404 1352 impediat
419 1270 551 1351 legentes
560 1269 627 1352 jam
643 1273 758 1334 frustra
774 1274 824 1337 hic
840 1282 1051 1360 perquiratur.
1073 1308 1175 1367 quare

107 1375 157 1436 vel
173 1396 209 1436 ex
228 1371 286 1432 hac
302 1371 503 1451 impressione
514 1392 613 1431 vnum
632 1371 744 1434 habeas
764 1376 813 1435 vel
827 1378 951 1439 nullum
963 1384 1174 1446 emendatum

106 1494 237 1557 quaeras.
248 1496 262 1528 ιι
276 1471 357 1528 Tum
370 1468 431 1527 alia
442 1471 581 1548 sequitur
597 1471 707 1530 notitia
724 1493 732 1530 :
753 1497 767 1528 ιι
777 1475 863 1556 Opus
882 1473 940 1536 hoc
959 1493 1129 1541 exaratum
1143 1496 1174 1543 et

108 1575 296 1653 impressum
317 1580 361 1626 est
381 1567 520 1627 Bononie
537 1566 769 1648 diligentissime
791 1591 845 1651 per
866 1592 915 1632 me
940 1573 1112 1637 Platonem
1135 1580 1174 1639 de

103 1669 280 1733 ‘Benedictis
299 1679 519 1749 stampatorem
534 1664 670 1746 ejusdem
686 1669 819 1729 ciuitatis
832 1670 955 1730 ciuem:
974 1673 1068 1734 Anno
1087 1669 1191 1737 salu-s

107 1772 155 1830 tis.
170 1791 204 1829 u.
219 1787 301 1826 cccc.
319 1785 468 1826 nxxxvnr.
487 1765 617 1846 septimo
634 1765 787 1827 Kalendas
804 1769 932 1828 Martias
950 1771 1076 1833 Joanne
1092 1775 1172 1835 Ben-

108 1866 207 1927 tiuolo
228 1865 433 1926 Bononiensis
456 1863 583 1923 Senatus
603 1864 778 1947 principe.»
799 1865 1022 1928 rot-Maia.
1044 1893 1077 1951 p.
1101 1864 1171 1933 50i.

109 1967 230 2026 Panzer
241 1965 276 2022 Τ.
292 1963 320 2037 Ι,
335 1984 366 2044 p.
382 1984 451 2044 2¹9·

154 2061 239 2143 1489.
252 2062 431 2138 Suetonius,
444 2085 516 2124 cum
528 2062 733 2144 scriptoribus
744 2061 881 2124 historia*
895 2066 1053 2145 Augustae.
1064 2070 1172 2131 Prima

108 2164 224 2246 pagina
238 2160 308 2219 folii
326 2183 337 2220 1
355 2183 451 2222 vacua
466 2162 572 2222 relicta
588 2175 652 2221 est:
670 2161 703 2219 in
718 2182 824 2221 aversa
836 2162 984 2243 leguntur
994 2186 1102 2227 versus
1111 2169 1172 2227 Au·

110 2257 192 2323 sonii
208 2262 243 2320 in
264 2259 361 2320 libros
382 2262 532 2321 Suetonii.
553 2262 634 2319 Tum
652 2261 806 2339 sequitur:
825 2262 978 2322 ..Domitii
992 2263 1172 2342 Calderini,

110 2360 170 2421 viri
185 2358 361 2435 clarissimi,
379 2360 417 2419 de
434 2359 498 2418 vita
518 2360 583 2417 Caii
604 2359 744 2418 Suetonii
760 2357 931 2440 tranquilli.
942 2385 956 2416 ιι
979 2361 1047 2421 Hac
1060 2361 1173 2440 finita,

110 2457 246 2539 subjecta
263 2470 336 2518 sunt
349 2457 463 2516 verba:
478 2456 539 2515 uln
551 2455 656 2515 codice
674 2457 877 2516 continentur
893 2459 986 2518 Caius
1007 2460 1172 2522 Suetonius

110 2555 311 2636 Tranquillus
330 2553 367 2613 de
379 2575 424 2613 xu
442 2552 620 2615 Caesaribus.
638 2552 732 2612 AElius
747 2554 942 2636 Spartianus,
960 2554 1063 2615 Julius
1078 2558 1172 2639 Capi-

111 2653 249 2729 tolinus,
273 2651 368 2715 AElius
387 2650 602 2731 Lampridius,
617 2651 784 2710 Trevellius
800 2649 914 2725 Pollio,
934 2651 1059 2711 Flavius
1078 2655 1173 2735 Vopi·
1206 2708 1212 2718 .

112 2775 195 2828 scus,
204 2752 372 2833 Eutropius
384 2764 414 2811 et
426 2751 717 2812 PaullusDiaconus
729 2753 767 2813 de
777 2772 886 2833 regum
897 2773 931 2812 ac
943 2752 1173 2835 imperatorum

112 2872 317 2926 romanorum
326 2851 400 2910 vita.
411 2876 425 2906 ιι
437 2849 475 2909 ln
486 2848 715 2930 finesequentia
724 2849 888 2930 leguntur:
900 2875 914 2906 ιι
924 2851 1027 2910 Habes
1040 2851 1175 2912 candide

112 2949 207 3011 lector
224 2951 383 3011 Caesarum
397 2949 476 3023 vitas
488 2969 582 3030 parvo
595 2968 669 3024 aere,
683 2970 759 3030 quas
776 2948 853 3007 olim
868 2951 977 3008 anxius
995 2949 1173 3028 quaerebas,

112 3050 249 3116 maxima
263 3045 479 3107 lucubratione
492 3069 510 3106 a
527 3047 599 3106 viris
614 3048 871 3129 praestantissimis
887 3046 1075 3106 emendatas.
1093 3047 1173 3123 Quae

114 3147 222 3224 omnia
239 3144 464 3208 accuratissime
478 3146 615 3205 Veneriis
631 3145 777 3226 impressa
789 3158 861 3205 sunt
874 3164 930 3225 per
941 3143 1174 3204 Bernardinum

20 3249 22 3254 “
113 3245 331 3309 nouariensem
349 3262 434 3301 anno
462 3264 480 3301 a
505 3241 602 3302 natali
624 3241 794 3302 christiano
818 3261 1082 3301 uccccnxxxvuu.
1104 3241 1175 3303 Kal.

114 3342 241 3415 Octobr.
251 3367 265 3398 ιι
284 3340 349 3402 Fol.
365 3376 403 3385 -
417 3340 464 3400 Cf.
481 3338 621 3422 Theoph.
637 3338 816 3422 Christoplr.
830 3339 963 3400 Harlesii
976 3339 1176 3400 Introductis

114 3442 148 3502 in
159 3441 309 3501 Notitiam
324 3441 505 3501 Literaturae
518 3428 668 3511 Romanae
683 3440 717 3497 T.
733 3439 761 3514 I,
776 3461 806 3520 p.
820 3438 892 3517 398.

152 3535 244 3620 1490.
266 3542 300 3600 C.
323 3538 497 3621 Tranquilli
520 3539 659 3601 Suetonii
680 3541 758 3599 vita
781 3560 826 3601 xn
850 3540 1078 3619 imperatorum
1102 3557 1177 3599 cum

114 3640 244 3701 Antonii
261 3637 400 3699 Sabellici
414 3649 602 3699 commento.
614 3639 651 3696 ln
663 3635 744 3697 fine:
760 3661 773 3692 ιι
784 3637 919 3697 Venetiis
934 3657 991 3717 per
1003 3637 1177 3715 Baptistam
1213 3694 1219 3712 ,

115 3735 153 3798 de
167 3721 264 3797 tortis.
280 3759 313 3797 n.
329 3756 410 3796 cccc.
426 3758 536 3798 Lxxxx.
554 3736 604 3797 die
619 3756 661 3795 xv
680 3736 840 3796 Februarii
849 3761 863 3790 ιι
883 3733 975 3794 Char.
994 3734 1086 3793 Rom.
1102 3754 1177 3793 cum

114 3835 193 3916 sign.
202 3832 702 3897 etfollmum.fol.min.-biaitt.
711 3855 741 3915 p.
750 3831 940 3909 432,et520.
950 3832 1111 3892 PanzerT.
1120 3830 1177 3907 111,

115 3956 147 4017 p.
166 3936 234 3995 281.
251 3932 392 3993 Sabellici
407 3933 649 3997 commentarius
660 3944 798 3991 versatur
810 3931 843 3990 in
855 3929 955 3990 verbis
971 3940 1001 3988 et
1015 3928 1108 3988 rebus
1121 3949 1178 4010 pro

114 4033 198 4094 illius
209 4036 358 4117 temporis
371 4036 550 4096 necessitate
563 4031 752 4115 explicandis
764 4045 794 4093 et
809 4027 1017 4102 illustrandis;
1034 4049 1051 4088 e
1067 4029 1176 4090 critico

88 4193 98 4199 .
117 4153 227 4214 genere
241 4155 308 4195 non
325 4133 461 4204 multum
477 4131 582 4194 habet.
