2646 4824
121 403 513 427 mmmmmwwwv
517 404 1184 435 mmmfflmmmmmmu

453 635 853 801 runcano

141 930 236 1229 sp
389 1002 921 1100 Novrnuuoms.

564 1316 750 1351 «θ’-

133 1535 389 1647 Suuromou
414 1583 461 1640 ut
481 1562 709 1658 ederemus,
738 1559 865 1637 multa
882 1563 1048 1666 quidem
1070 1564 1187 1642 nobis

124 1706 293 1800 ¹‘aderant
310 1706 475 1786 auxilia:
497 1736 572 1784 nec
592 1728 726 1784 tamen
746 1708 832 1782 sine
850 1709 994 1784 timore
1010 1709 1187 1813 quodam

140 1855 406 1958 reputavimus
429 1871 529 1957 quot
559 1870 599 1927 et
626 1847 765 1956 quales
789 1852 867 1926 viri
893 1849 1117 1928 doctrinam
1140 1855 1185 1927 in

128 1963 131 1970 ι
145 1995 421 2072 recensendum
438 1992 803 2102 explicandumque
822 1994 934 2070 hunc
951 1998 1193 2102 scriptorem·
1273 2016 1280 2034 ⁴

149 2142 431 2216 convertissent.
459 2107 716 2244 Arrogantiae
733 2141 857 2214 ‘eninr
872 2139 1012 2214 videri·
1030 2158 1186 2244 poterat

147 2277 187 2352 in
216 2281 405 2361 diversam
441 2269 700 2362 sententiam'
715 2282 900 2390 judicare
915 2315 925 2368 ;
943 2282 946 2285 ’
963 2270 1184 2378 tarditatis,

151 2426 302 2530 vestigiis
335 2455 475 2504 eorum
505 2420 811 2535 usquequaque
831 2426 1034 2508 insistere.
1075 2427 1184 2502 Tum

151 2562 478 2674 intelligebamus,
518 2567 747 2675 argumenti
775 2548 950 2646 uaiicuis
968 2569 1184 2672 *quantam

152 2709 400 2790 nonhistoriae
413 2732 590 2810 tantum,
609 2713 678 2790 sed
695 2716 825 2789 omnis
841 2715 934 2789 vitae
950 2715 1091 2816 reique
1102 2712 1183 2788 Ro-

150 2875 258 2930 manac
283 2882 412 2961 quum
434 2851 629 2962 publicae,
655 2875 742 2931 tum
771 2857 937 2961 privatae
958 2856 1183 2957 requireret

148 2991 410 3098 cognitionem.
427 2971 675 3074 Noveramus
692 2994 887 3098 denique,
907 3022 1030 3098 quam
1045 2990 1182 3068 multis

146 3130 183 3207 in
193 3120 279 3215 locis
297 3135 362 3214 vel
379 3136 538 3213 residua
555 3138 746 3212 orationis
767 3133 1015 3243 corruptela,
1031 3133 1095 3210 vel
1110 3163 1182 3211 re-

143 3299 220 3354 rum
237 3267 415 3387 ipsarum
429 3276 647 3356 difficultas
665 3308 811 3355 vanam
826 3276 996 3356 aliorum
1014 3306 1178 3384 operam

140 3417 371 3498 reddidisset.

76 3596 81 3620 ι
181 3563 254 3642 Sed
273 3568 494 3644 maximum
511 3566 628 3643 nobis
642 3566 924 3673 adjumentum
943 3567 1178 3645 conferebat
1273 3575 1276 3579 ’

133 3704 186 3781 vir
211 3706 424 3784 abundans
453 3707 636 3784 doctrina
663 3710 1175 3808 Bacuntius-Canum,

130 3873 241 3951 quem
261 3868 466 3927 contracta
487 3878 581 3926 cum
596 3850 789 3929 Suetonio
808 3881 831 3926 a
844 3855 992 3929 teneris
1007 3852 1178 3929 familia-

127 3993 229 4091 ritas,
247 4012 288 4070 et
298 4021 372 4100 per
384 3991 610 4100 complures
625 4024 752 4073 annos
764 3995 927 4103 publica
941 4000 1179 4105 interpreta·

967 4166 986 4206 A
