2646 4824
126 416 173 461 xn
517 392 781 458 PRAEFATIO

126 508 234 618 ierus
245 537 606 632 Observationibus
619 564 740 643 supra
751 539 980 613 memoratis
989 539 1075 643 ipse
1085 536 1181 614 olim

125 683 378 791 adjunxerat.
393 683 498 758 Sunt
508 709 565 758 eae
578 684 789 756 maximam
802 701 955 787 partem
965 682 1181 778 historicae,

124 828 272 932 partim
282 823 452 901 aliorum
464 826 706 928 scriptorum
718 802 841 919 locos,
856 827 1003 928 partim
1015 825 1181 901 Gruteri

123 971 403 1075 inscriptiones
424 965 582 1071 aliaque
601 946 863 1043 monumenta
884 988 1178 1073 comparantes,

123 1138 216 1217 quae
241 1110 448 1187 interdum
473 1106 575 1185 nihil
597 1108 824 1185 attinebant
844 1108 895 1184 ad
917 1108 1177 1206 Suetonium,

53 1317 54 1320 ,
123 1281 256 1360 neque
273 1272 429 1350 tamen,
449 1282 541 1359 quae
559 1280 663 1329 nova
680 1271 720 1328 et
733 1249 951 1358 singularia
968 1255 1180 1331 Reinesius

121 1394 296 1487 subinde
338 1394 622 1492 admonuerat,
663 1397 998 1500 Baumgartenius
1030 1398 1093 1470 vir
1127 1394 1177 1472 cl.

121 1563 434 1614 commemorare
448 1534 633 1642 neglexit.
653 1538 759 1614 Ante
772 1535 914 1613 oculos
928 1564 1093 1643 quoque
1111 1537 1179 1611 ha·

119 1677 243 1769 behat
264 1681 324 1755 Jo.
352 1678 552 1756 Frederici
576 1681 721 1757 Reitzii
749 1682 905 1756 Dictata
927 1683 970 1755 in
989 1672 1177 1757 'Suetonii

119 1820 348 1928 Augustum
375 1842 415 1900 et
433 1824 667 1921 Tiberium,
696 1814 850 1901 calamo
876 1843 1056 1930 excepta,
1084 1853 1177 1930 quae

117 1966 223 2070 typis
243 1963 503 2041 exscribenda
516 1994 598 2042 non
614 1968 782 2073 putavit.
798 1966 975 2042 Reitzius
990 1969 1099 2042 enim
1115 1966 1178 2070 (ut

116 2102 182 2204 fit,
213 2106 378 2211 quando
402 2106 593 2184 docemus
615 2110 706 2184 viva
730 2109 843 2214 voce)
865 2108 984 2186 modo
1007 2110 1176 2212 antiqua

115 2250 392 2326 Romanorum
421 2252 606 2327 instituta
640 2247 761 2357 paulo
793 2249 959 2327 uberius
992 2254 1173 2357 exponit,

34 2408 40 2418 '
113 2390 234 2470 modo
265 2396 461 2471 curiosius
489 2393 707 2471 verborum
732 2422 849 2470 usum
880 2414 920 2471 et
944 2397 1176 2499 grammati·

112 2561 201 2610 cam
223 2533 506 2642 etymologiam
529 2534 711 2639 indagat,
729 2533 940 2639 multaque
956 2537 1172 2630 immiscet,

113 2705 205 2781 quae
217 2707 240 2753 a
257 2677 448 2784 magistro
463 2707 512 2755 ex
528 2676 717 2756 cathedra
734 2677 827 2754 addi
844 2677 989 2775 solent,
1009 2677 1078 2755 sed
1093 2678 1175 2755 edi-

112 2821 214 2896 tioni
230 2848 315 2898 non
330 2797 812 2903 conueniuntssCaeterum
827 2821 923 2897 inde
933 2823 1052 2898 etiam
1067 2824 1172 2898 varia

113 2962 325 3071 desumpta
342 2982 453 3060 sunt,
473 2992 566 3069 quae
582 2967 835 3069 praecaeteris
852 2961 966 3039 utilia
979 2962 1174 3039 videban-

111 3123 196 3198 tur,
223 3132 270 3182 eo
293 3108 453 3213 majoris
473 3106 726 3202 aestimanda,
750 3106 860 3211 quod
881 3109 924 3181 in
947 3132 1170 3211 paucorum

110 3266 270 3325 tantum
284 3267 543 3355 conspectum
559 3222 767 3325 uenerant.
840 3305 842 3310 -

164 3392 309 3494 Neque
319 3389 489 3466 tacenda
497 3389 691 3467 videntur
704 3385 780 3463 alia
795 3383 952 3483 auxilia,
967 3414 1059 3491 quae
1073 3414 1169 3464 con·

2 3608 5 3613 .
112 3531 205 3609 tulit
223 3535 285 3609 vir
301 3530 350 3610 cl.
369 3534 404 3609 J.
418 3535 461 3609 F.
478 3535 540 3610 DE
556 3551 607 3610 LA
619 3533 779 3627 HARPE,
795 3559 817 3606 e
832 3528 983 3634 quihus
998 3532 1169 3608 maxime

110 3678 335 3754 memorare
370 3674 492 3754 libet:
531 3687 566 3754 1⁰
590 3676 807 3754 editionem
833 3674 1168 3779 Lugdunensem,

116 3821 231 3919 1648,
246 3822 288 3896 in
304 3817 401 3898 folio
415 3824 477 3927 (ut
489 3819 635 3926 aiunt),
647 3846 741 3896 cum
751 3814 953 3915 Beroaldi,
968 3813 1167 3911 Sabellici,

109 3960 295 4069 Egnatii,
321 3964 476 4041 Erasmi
506 3959 934 4040 animadversionibus.
964 3968 1003 4036 2⁰
1025 3934 1168 4035 editio-

110 4131 204 4183 nem
214 4106 431 4185 Variorum
443 4106 566 4201 in-80,
580 4114 674 4182 'oum
684 4103 982 4183 commentariis
992 4101 1167 4178 Torren-
