2646 4824
461 392 577 458 Now
601 389 848 458 EDITORIS.
1145 405 1184 455 tn

126 543 266 622 codice
296 560 433 619 nostro
464 539 614 616 Batavo
643 536 886 642 desumptis,
913 533 1185 642 explevimus,

128 714 230 792 quas
249 713 325 792 pro
341 685 535 791 gravitate
550 681 778 786 argumenti
792 681 837 755 in
847 681 1003 785 justum
1017 678 1185 758 modum

128 828 310 906 redactas
338 825 389 902 ad
418 852 581 911 sensum
602 820 990 901 accommodavimus
1012 827 1187 914 auctoris

131 936 299 1048 nostris

184 1113 280 1189 Non
304 1110 548 1188 mediocrem
572 1136 733 1216 operam
760 1106 984 1214 explanatio
1007 1109 1190 1185 Suetonii

130 1256 177 1328 in
203 1249 342 1348 multis
367 1248 464 1327 locis
491 1249 568 1325 sibi
592 1248 805 1354 deposcere
828 1251 912 1324 visa
937 1266 1008 1324 est.
1034 1244 1191 1323 Alludit

132 1395 350 1501 saepissime
370 1392 422 1468 ad
442 1418 577 1495 mores,
589 1392 791 1468 Romanos
805 1420 889 1468 non
903 1387 1088 1497 publicos
1101 1367 1192 1468 tan·-

136 1555 247 1630 tum,
275 1533 343 1610 sed
365 1535 409 1609 in
437 1534 519 1609 vita
549 1533 704 1636 privata
729 1548 769 1605 et
796 1533 840 1605 in
871 1529 1088 1634 domestico
1118 1557 1194 1607 usu
1236 1566 1244 1591 ·

136 1676 321 1783 quotidie
342 1675 504 1770 obvios3
529 1693 570 1751 et
599 1675 695 1778 quia
721 1699 855 1776 neque
880 1674 965 1778 ipse
986 1701 1033 1750 ea
1060 1671 1196 1781 expla-

139 1847 237 1896 nare
265 1815 396 1896 voluit
424 1819 620 1922 apertius,
649 1836 689 1892 et
718 1814 943 1912 interdum,
972 1815 1037 1892 vel
1064 1819 1197 1924 potius

141 1965 316 2040 nimium
339 1988 461 2067 saepe,
483 1988 568 2037 non
591 1987 737 2064 magna
757 1957 836 2035 illis
860 1956 1024 2036 aliunde
1045 1957 1115 2038 lux
1136 1960 1196 2036 af-

142 2105 403 2211 ferrisspotest,
419 2099 592 2204 intelligi
611 2098 719 2195 licet,
736 2119 938 2206 quantum
950 2102 1070 2180 hodie
1088 2101 1199 2179 diffi-

147 2243 301 2322 cultatis
318 2265 359 2320 et
375 2262 576 2349 quantum
588 2239 736 2318 laboris
747 2241 895 2319 habeat
911 2241 1132 2349 explicatio.

197 2389 243 2461 ln
267 2385 345 2463 hoc
372 2386 496 2489 igitur
517 2385 806 2471 commentario
830 2384 1127 2490 componendo,
1154 2385 1196 2461 id

152 2528 261 2605 nobis
282 2524 495 2604 consilium
510 2525 608 2619 fuit,
628 2545 675 2600 ut
694 2546 1031 2630 cognoscerentur
1043 2528 1205 2623 fontes,

154 2671 255 2748 unde
276 2664 407 2778 partes
428 2669 620 2766 historiae,
643 2697 767 2773 quam
795 2647 936 2745 tractat
963 2670 1195 2762 Suetonius,

155 2813 310 2891 uberius
325 2814 408 2918 peti
429 2830 604 2917 possent.
630 2811 717 2888 Hoc
728 2831 849 2916 pacto
867 2810 1104 2908 fatebimur,
1119 2815 1197 2911 im·

156 2944 272 3057 pediri
294 2951 458 3057 quidem
478 2949 777 3057 quodammodo
800 2979 846 3026 ac
866 2950 1038 3029 detineri
1061 2951 1198 3033 lectio·
1221 3040 1224 3044 ,

94 3088 97 3093 ’
156 3121 258 3192 nem,
274 3120 410 3199 neque
421 3090 577 3169 inficias
595 3092 723 3188 imus,
738 3088 951 3197 plerosque
965 3096 1196 3200 scriptores,

156 3241 315 3314 maxime
328 3237 552 3342 historicos,
567 3231 736 3312 delerius
748 3237 1059 3341 percurrendos:
1071 3266 1123 3315 ne
1134 3237 1199 3316 vel

156 3400 297 3457 rerum‘
312 3377 412 3458 ordo
434 3379 633 3454 memoria
665 3374 886 3485 legentium
924 3379 1103 3478 excidat,
1134 3380 1199 3460 vel

92 3492 101 3501 ἢ
155 3524 385 3600 narrationis
394 3524 515 3598 series
527 3523 671 3627 saepius
684 3524 911 3628 interrupta
925 3526 1199 3630 perturbetur.

154 3661 275 3741 Nemo
295 3640 431 3742 autem
453 3690 536 3738 non
559 3682 764 3768 agnoscet,
783 3665 825 3740 in
853 3665 1097 3768 quibusdam
1117 3698 1200 3748 esse

155 3803 299 3882 diutius
325 3803 582 3899 morandum,
603 3806 675 3908 qui
697 3802 891 3910 singulari
910 3808 1114 3888 scribendi
1139 3841 1202 3888 ra-

92 3946 94 3969 '
155 3949 256 4025 tione
271 3949 354 4044 usi,
372 3948 599 4052 argumenti
614 3949 807 4024 varietate
823 3951 1000 4055 ipsisque
1013 3937 1203 4030 interval·

155 4086 208 4188 lis,
219 4121 313 4196 quae
321 4087 434 4167 velut
444 4089 493 4165 ad
508 4091 844 4195 requiescendum
855 4097 1205 4201 interposuerunt,

997 4265 1026 4306 Δ.
