2646 4824
401 403 403 409 ¹
465 377 585 443 NOVl
609 376 855 442 EDITORIS.
1169 399 1189 442 v

132 519 372 619 lectionem,
400 524 472 626 qui
503 539 551 595 ut
577 521 620 595 in
646 519 814 596 Caesaris
839 540 878 595 et
907 520 1078 626 Augusti
1109 525 1192 599 vita

132 666 362 761 abundant,
371 666 427 742 ita
441 692 534 741 mox
542 664 689 739 sensim
699 664 928 765 sensimque
936 662 1191 763 decrescunt,

132 827 171 888 et
191 809 359 887 tandem
375 811 419 884 in
435 835 519 884 uno
536 806 621 882 fere
637 807 787 901 Dione,
808 833 937 910 eoque
960 835 1012 883 ne
1034 811 1192 916 integro

133 951 320 1056 quidem,
334 948 528 1026 residunt.
541 948 623 1024 Nos
636 975 683 1022 ex
697 946 758 1022 his
772 944 894 1043 locos,
913 951 985 1051 qui
998 949 1192 1029 Suetonio

132 1093 286 1197 gemini
303 1088 420 1167 nobis
441 1090 645 1185 visisunt,
667 1090 721 1163 ita
745 1085 961 1207 diligenter
981 1095 1192 1168 annotavi-

133 1260 238 1330 mus,
251 1250 300 1308 ut
308 1236 352 1309 in
361 1231 596 1338 auctoribus
605 1232 700 1336 ipsis
708 1233 894 1335 conquiri
907 1229 1020 1309 nullo
1029 1238 1192 1339 ‘negotio

133 1379 529 1482 possent.Poetarum
537 1392 721 1454 veterum
729 1374 966 1479 fragmenta,
976 1395 1189 1487 cognatum

131 1540 418 1626 argumentum
431 1523 661 1616 tractantia,
677 1522 806 1596 rarius
819 1519 1097 1619 adhibuimus,
1115 1524 1192 1599 nisi

134 1665 204 1741 ubi
220 1664 270 1741 ad
287 1691 418 1741 mores
433 1661 568 1740 saeculi
581 1661 840 1740 illustrandos
856 1663 1050 1761 facerent,
1074 1698 1091 1738 a
1103 1694 1191 1771 par·

137 1837 154 1878 a
164 1809 255 1901 tim,
273 1803 384 1910 quod
400 1806 567 1887 omnino
577 1803 700 1909 hujus
715 1806 810 1880 artis
821 1823 897 1900 est,
911 1833 1058 1910 augere
1073 1834 1135 1884 res
1150 1825 1190 1883 et

136 1943 438 2052 «splendidiore
466 1932 599 2022 colore
625 1943 846 2042 adornare,
875 1948 1044 2050 partim,
1078 1934 1188 2052 quod

136 2087 344 2166 «adulatio
355 2117 448 2192 erga
461 2086 698 2164 foedissimos
706 2106 897 2194 tyrannos
908 2117 1033 2193 >aqua
1048 2118 1189 2166 cumu·
1312 2109 1314 2115 ’

133 2228 201 2309 lati
220 2251 319 2309 sunt
331 2259 369 2308 v.
386 2258 423 2334 g.
439 2225 634 2305 Martialis
656 2247 696 2305 et
710 2228 877 2325 Statius,
895 2248 1054 2306 tantum
1070 2261 1187 2336 aequo
1301 2323 1305 2335 ¹

133 2374 270 2454 lectori
287 2375 493 2453 fastidium
517 2393 671 2473 moret,
697 2393 743 2452 ut
763 2403 836 2452 nos
854 2402 957 2481 saepe
980 2380 1188 2454 transscri-

131 2520 226 2600 bere
258 2524 379 2601 etiam
409 2530 449 2598 e't'
483 2519 643 2599 calamo
668 2541 848 2628 repetere
878 2521 1034 2630 abjecta
1063 2524 1187 2602 verba

131 2663 333 2768 puduerit.
350 2658 583 2738 Feliciorem
614 2681 807 2767 segetem,
832 2681 871 2738 et
892 2667 1184 2741 sententiarum

129 2810 376 2884 ornamentis
391 2825 431 2882 et
436 2806 686 2913 judiciorum
701 2810 896 2913 gravitate
913 2807 1181 2906 uberrimam,

132 2931 366 3053 praebebant
383 2951 595 3054 scriptores
611 2964 670 3025 tot
690 2946 916 3044 clarissimi,
936 2949 1087 3054 quibus
1109 2978 1183 3026 no-

130 3106 207 3164 stra
230 3086 428 3194 gloriatur
450 3087 598 3185 Gallia,
622 3107 750 3195 poetae
768 3092 902 3168 eximii
922 3092 1182 3188 CORNEILLE,

130 3228 305 3326 Rectus,
324 3231 556 3326 Vomuraa,
580 3230 787 3326 ceturae,
809 3249 848 3306 et
873 3234 1062 3336 prosaicae
1091 3248 1183 3310 or‘a-

128 3371 383 3451 tionislaude
396 3374 573 3477 insignes
586 3376 668 3458 ,viri
687 3375 963 3471 MONTllGNE,
981 3376 1182 3474 Bassum,

129 3512 356 3609 Futurus,
388 3486 543 3610 Brun,
573 3516 895 3612 Monmsomm,
927 3517 1183 3613 Msssuuou,

128 3631 647 3780 ali'i;·qu01÷um·varba,lut
673 3687 735 3736 res
748 3657 958 3773 poscebat,
981 3661 1050 3738 sed
1064 3688 1184 3766 parca

128 3798 346 3877 admodum
362 3813 402 3876 et
416 3783 533 3878 cauta
553 3816 697 3900 manu,
716 3802 982 3880 subdidimus.
1041 3817 1044 3823 '

176 3941 330 4038 Restat,
350 3942 464 4019 atde
488 3943 754 4042 editionibus,
768 3975 862 4053 quae
873 3967 1051 4026 nostram
1068 3956 1179 4026 aute·

124 4102 351 4182 sanarunt,
374 4084 576 4192 judicium
607 4088 801 4187 feramus,
833 4093 876 4166 in
904 4118 986 4196 quo
1009 4088 1182 4170 libenter
