2646 4824
463 378 842 447 neusouroruo.
998 366 1000 371 ’
1052 462 1055 469 .
1122 410 1174 450 m

126 504 219 591 Epist.
227 500 268 568 ad
279 508 397 567 Anton.
410 505 550 585 Pagium,
566 516 642 563 tom.
655 503 708 576 lV,
719 503 802 585 Opp.
815 522 886 584 pag.
900 504 976 586 760,
987 509 1045 566 etsi
1057 506 1176 591 alioqui

127 614 215 672 vitam
232 606 583 694 quamquesecundum
599 627 705 666 rerum
721 625 852 686 genera,
871 627 936 666 non
955 606 1049 688 plane
1063 627 1176 670 secun.

128 713 196 774 dum
210 728 393 796 temporum
408 710 552 770 ordinem
568 713 674 768 narrat
684 715 704 766 ¹.
787 713 792 723 ‘

165 826 197 878 2⁰
217 817 299 877 Libri
309 817 344 877 de
357 813 515 876 illustribus
528 815 745 874 Grammaticis.

166 921 198 980 3⁰
217 922 264 981 De
288 917 377 980 claris
398 913 570 978 Rhetortbus
596 913 682 988 liber,
708 913 763 974 sed
786 914 899 994 majori
925 928 1014 995 parte
1039 917 1179 980 mutilus.

163 1018 197 1097 4⁰
215 1023 262 1081 Ex
276 1018 359 1080 libro
372 1018 407 1079 de
420 1020 532 1079 Poetis²
547 1030 595 1077 est
614 1018 644 1078 V
643 1018 684 1075 ita
701 1017 826 1075 Terentii
840 1034 858 1074 a
871 1017 998 1077 Donato
1017 1034 1180 1101 excerpta,

132 1125 196 1186 Vita
203 1125 436 1204 Horatii,quam
445 1119 623 1200 Porphyrio
633 1117 672 1177 ad
683 1118 793 1177 Horat.
805 1114 859 1177 lib.
870 1118 1014 1199 ll,Epist.
1030 1141 1055 1196 r,
1066 1120 1181 1183 diserte

131 1224 237 1286 tribuit
250 1226 416 1297 suetonio,
437 1225 468 1284 V
466 1225 508 1283 ito
520 1223 628 1296 Persii,
651 1222 722 1282 Vita
734 1221 862 1295 Lucani,
882 1234 914 1279 et
929 1221 1000 1281 Vita
1013 1222 1182 1298 luvenalis,

132 1345 221 1408 quam
235 1326 290 1386 alii
300 1324 426 1385 malunt
436 1322 552 1384 referre
565 1320 605 1382 ad
616 1319 764 1396 Probum,
781 1319 886 1381 seder
900 1324 1052 1383 orationis
1066 1345 1184 1386 conve-

133 1430 246 1489 nientia
259 1429 411 1488 Suetonio
422 1425 563 1485 vindicat
578 1423 747 1484 Salmasius
762 1422 801 1482 ad
816 1422 912 1483 Solin.
928 1442 999 1504 pag.
1018 1425 1088 1484 320.
1105 1426 1185 1486 Item

135 1551 149 1591 e
160 1532 299 1592 Suetonii
312 1523 387 1590 Vita
398 1526 572 1608 Virgiliana
589 1525 689 1612 multa
704 1524 887 1586 adverbum
904 1530 1019 1608 repetit
1031 1529 1185 1590 Donatus.

136 1799 239 1861 Purus
262 1797 354 1859 Vtri
379 1813 421 1858 nr
443 1797 553 1882 *Lmen
577 1813 620 1857 nn
644 1812 732 1857 virus
756 1811 988 1872 unusrnrnus,
1013 1794 1186 1860 Sunromo
1235 1860 1240 1869 ,

454 1918 590 1965 unsrun
615 1918 684 1962 eru
708 1917 866 1963 sessuri.

173 2102 266 2164 Plinii
281 2100 401 2186 majoris
415 2105 476 2163 uita
491 2103 640 2176 Suetonio
657 2102 789 2182 indigna
802 2114 865 2176 est,
884 2115 920 2161 ut
934 2101 1056 2182 judicat
1072 2091 1188 2165 (lasau-

137 2203 249 2282 bonus,
265 2219 298 2266 et
314 2218 500 2288 argumento
515 2226 580 2264 non
595 2224 660 2263 uno
673 2205 805 2263 Vossius
820 2201 858 2262 de
875 2203 955 2262 Hist.
971 2205 1072 2263 Latin.
1088 2220 1191 2266 osten·
1225 2281 1232 2293 .

138 2306 191 2385 dit,
207 2321 240 2369 et
251 2307 389 2389 Scaliger
401 2307 441 2368 ad
451 2305 622 2367 Eusebium
634 2327 701 2366 non
713 2303 850 2381 dubitat,
864 2303 935 2386 plus
948 2325 1042 2387 quam
1055 2321 1191 2389 quatuor

138 2410 246 2472 seculis
265 2413 417 2492 scriptam
437 2429 504 2470 esse
522 2422 598 2491 post
614 2409 755 2468 Suetonii
775 2405 908 2467 obitum.
927 2407 1029 2468 Aliam
1048 2410 1190 2491 ejusdem

138 2511 226 2574 Plinii
246 2515 362 2585 vitam,
383 2515 505 2572 incerto
526 2523 653 2571 auctore
673 2509 840 2591 scriptam,
862 2510 1000 2590 vulgavit
1011 2508 1091 2593 ‘post
1111 2511 1190 2575 alios

139 2616 272 2676 loannes
288 2614 479 2675 Harduinus.
497 2613 584 2675 Liber
593 2613 627 2674 de
643 2616 709 2674 uiris
726 2611 884 2674 illustribus
897 2635 963 2674 non
975 2619 1074 2697 magis
1086 2618 1192 2679 Sueto-

140 2719 178 2776 nii
192 2729 255 2793 est,
273 2736 369 2799 quam
385 2716 479 2776 Plinii
493 2717 646 2797 junioris,
666 2714 722 2776 sed
737 2715 896 2776 Aurelium
914 2717 1075 2778 Victorem
1088 2734 1193 2781 aucto-

139 2838 199 2878 rem
208 2815 318 2879 habet.
329 2819 476 2878 Similiter
487 2817 557 2905 falsi
567 2816 662 2894 fuere,
676 2819 730 2900 qui
742 2838 778 2876 ex
790 2817 861 2877 loco
871 2820 986 2900 Orosii,
997 2820 1048 2895 VI,
1062 2843 1091 2903 7,
1102 2820 1192 2884 libros

140 2920 267 2983 Caesaris
289 2921 323 2981 de
342 2919 417 3000 bello
439 2920 555 2982 Gallico
574 2920 614 2980 ad
635 2922 818 2981 Suetonium
839 2919 988 2996 retulere,
1013 2920 1051 2982 de
1075 2923 1190 3005 quibus

141 3024 248 3086 Baelius
262 3026 297 3083 in
312 3024 426 3084 Lexico
443 3022 516 3084 edit.
532 3043 593 3084 sec.
609 3025 643 3082 in
658 3023 754 3097 cesar,
769 3035 845 3081 nota
862 3019 889 3081 5.
909 3023 955 3082 De
972 3021 1065 3084 Plinii
1083 3038 1190 3088 tamen

141 3123 311 3201 nonnulla,
331 3137 367 3184 ut
384 3146 421 3186 ex
434 3123 615 3207 Tranquilli
633 3125 774 3184 Suetonii
793 3124 936 3205 catalogo
957 3127 1097 3186 virorum
1117 3127 1191 3189 illu-

142 3231 264 3304 strium,
280 3224 373 3287 affert
384 3229 569 3306 Vincentius
582 3225 825 3301 Bellovacensis,
840 3222 922 3287 libro
937 3229 965 3288 X
977 3227 1101 3309 Speculi
1110 3232 1192 3294 Hist.

143 3351 206 3414 cap.
219 3333 272 3416 67.
289 3328 438 3391 Rabanus
456 3332 587 3392 Maurus
604 3310 643 3390 db
657 3332 731 3390 Arte
745 3331 971 3406 Grammatica,
986 3344 1062 3390 tom.
1077 3334 1092 3393 1
1109 3336 1194 3419 Opp.

143 3451 208 3514 pag.
221 3430 281 3508 46:
297 3456 312 3488 u
322 3422 525 3515 Tranquillus
534 3446 664 3493 vetustae
678 3434 814 3514 scriptor
826 3433 973 3492 Historiae
985 3434 1029 3522 sic
1042 3433 1081 3494 de
1092 3438 1196 3517 poetis

144 3536 312 3597 Gentilium
332 3549 363 3598 'et
377 3536 416 3597 de
431 3535 630 3626 poematibus
642 3535 758 3597 refert:
777 3538 882 3615 Quum
899 3539 1038 3618 primum
1050 3538 1196 3602 homines

86 3771 90 3782 =
174 3755 180 3776 ¹
196 3749 232 3794 De
243 3749 336 3810 scriptis
347 3749 451 3794 Suetonii
462 3751 586 3796 notissime
598 3747 722 3810 diligenter
733 3749 780 3810 egit
794 3748 932 3794 Edmundus
942 3749 1031 3796 Burton
1043 3751 1067 3796 in
1080 3751 1197 3797 Obserua-

147 3820 199 3866 liom
209 3836 240 3865 on
250 3819 287 3866 the
296 3818 416 3866 character
426 3821 473 3866 oud
483 3824 585 3885 writinqs
596 3821 625 3884 sps
630 3823 764 3876 Suetonius,
776 3823 802 3866 iu
813 3820 887 3882 ejusd.
900 3822 1000 3869 Ancum
1012 3822 1146 3870 characters
1158 3825 1198 3870 de·

147 3889 215 3937 ‹luced
215 3891 284 3954 from
292 3891 399 3938 classicol
408 3895 527 3950 Remulus,
538 3892 690 3953 Cambridge,
702 3894 773 3952 1763,
784 3893 807 3941 8.
847 3953 849 3957 7

167 3965 184 3988 '²
199 3962 287 4008 Confer
296 3959 347 4007 Rol.
358 3963 453 4008 Maresii
463 3961 577 4024 Epistolas
587 3978 611 4023 p.
620 3963 676 4025 473,
685 3963 741 4008 edit.
750 3963 864 4025 Lipsiens.
874 3963 897 4020 8,
906 3976 929 4008 et
937 3965 1045 4010 Vossiurn
1055 3964 1083 4009 de
1092 3963 1202 4009 imitatio·

149 4045 232 4150 gellpsp.
243 4035 313 4094 Vlll,
327 4031 343 4097 §
355 4048 378 4097 9.
391 4035 470 4080 Possis
479 4035 542 4081 unde
553 4035 665 4096 coeperit,
680 4050 708 4080 ex
716 4033 852 4097 Tranquillo
862 4034 935 4080 refert
944 4034 1047 4080 lsidorus'
1056 4036 1122 4097 Hisp.
1134 4037 1199 4094 Orig.

203 4141 209 4162 r
219 4122 241 4168 7·

1007 4210 1036 4257 B.
