2646 4824
448 377 570 443 Novi
594 379 842 447 EDlTORlS.
1145 385 1179 450 xi

181 548 199 590 ιι
211 519 390 595 Caesares
425 518 607 596 Suetonii
643 518 797 596 contuli
831 550 923 598 cum
956 522 1055 600 Cod.
1094 524 1179 600 MS.

127 659 454 756 membranaceo,
469 688 516 737 ex
525 658 769 737 bibliotheca
778 662 955 740 Niclos.
966 663 1179 761 Foucault,

126 803 283 879 comitis
293 802 590 896 consistoriani,
605 799 725 878 bonae
740 820 862 898 notae,
880 802 949 879 sed
963 803 1182 882 admodum

127 944 300 1038 recenti,
318 943 361 1017 in
383 943 501 1049 cujus
517 939 601 1017 fine
618 939 846 1047 legebatur:
867 941 940 1018 JA.
960 945 1030 1020 DE
1053 945 1184 1021 HOL-
1306 1035 1313 1043 Ι

128 1084 332 1160 LANDlA
363 1084 548 1178 ROMAE,
588 1084 700 1180 1444.
730 1083 822 1159 XX.
853 1085 929 1160 FE.
963 1084 1181 1174 F1N1vlT‚

128 1225 270 1302 Graeca
286 1225 455 1302 deerant
469 1223 608 1305 relicto
623 1227 792 1330 spatio.»

180 1372 241 1446 De
256 1369 422 1476 reliquis
435 1369 618 1448 Suetonii
631 1373 787 1477 scriptis
798 1369 907 1447 idem
919 1370 1060 1448 eodem
1075 1348 1183 1450 loco:
1247 1462 1251 1471 Ι

133 1544 150 1584 a
160 1511 331 1588 Librum
347 1511 397 1587 de
413 1512 693 1587 Grammaticis
713 1531 752 1586 et
767 1510 1011 1588 Rhetoribus
1028 1510 1184 1590 contuli

131 1680 221 1730 cum
245 1654 414 1757 antiqua
435 1650 631 1749 editione,
653 1654 696 1726 in
716 1653 833 1758 cujus
854 1649 962 1730 calce
984 1654 1182 1731 exstabat:

129 1798 359 1902 Impressum
381 1797 587 1871 Florentiae
606 1793 709 1902 apud
730 1796 914 1871 Sanctum
934 1799 1117 1874 Iacobum
1137 1794 1185 1873 de

130 1937 274 2043 Ripoli,
305 1937 711 2032 MCCCCLXXVIII,
748 1964 856 2014 anno
889 1938 1011 2044 1738,
1046 1966 1185 2016 mense

131 2074 257 2182 Aprili
279 2096 319 2152 et
338 2079 445 2153 Maio
467 2079 510 2152 in
530 2074 631 2153 bibl.
657 2076 827 2154 Senatus
847 2079 1103 2183 Lipsiensis»
1126 2081 1186 2157 Ac

132 2219 178 2295 de
195 2221 272 2297 hac
285 2220 451 2325 quidem
468 2219 659 2317 editione,
678 2223 770 2298 satis
788 2249 833 2296 ea
849 2240 944 2298 nota
958 2241 998 2298 et
1011 2250 1187 2299 comme-

133 2382 282 2438 morata
302 2364 421 2438 etiam
439 2390 462 2436 a
477 2364 703 2469 Bipontinis
720 2364 763 2438 in
781 2365 922 2439 notitia
940 2360 1115 2440 literaria
1134 2363 1185 2441 de

133 2506 324 2585 Suetonio
349 2504 607 2613 Tranquillo,
626 2536 716 2616 pag.
731 2508 843 2604 XVI,
866 2506 1000 2584 dicere
1022 2535 1104 2584 non
1124 2526 1186 2583 at·

132 2648 242 2723 tinet.
281 2634 442 2725 Codicis
476 2670 611 2724 autem
640 2647 928 2724 transscribere
951 2650 1185 2725 varietatem

132 2816 290 2865 omnem
307 2788 594 2885 abstinuimus,
608 2817 737 2893 quum
754 2785 985 2884 librarium,
1002 2791 1187 2891 quicum-

132 2958 209 3034 que
225 2928 298 3007 ille
312 2931 453 3027 fuerit,
472 2928 724 3036 negligenter
736 2956 898 3034 prorsus
915 2931 958 3013 in
975 2928 1051 3005 hoc
1067 2956 1186 3032 nego·

132 3073 186 3148 tio
206 3090 409 3148 versatum
423 3070 544 3148 fuisse
561 3074 653 3173 satis
669 3088 874 3177 appareat,
892 3068 1029 3157 multis
1050 3089 1187 3146 tamen

134 3211 229 3291 locis
261 3217 504 3321 optimorum
541 3213 656 3291 codd.
684 3211 897 3291 lectionem
929 3215 1004 3289 isto
1036 3210 1187 3290 confir-

95 3359 101 3367 '
132 3361 253 3454 mari,
280 3357 458 3450 breviter
470 3376 698 3452 monentes,
715 3353 924 3433 nonnullis
942 3354 1186 3462 singularem

134 3526 296 3603 quoque
315 3526 449 3603 neque
470 3501 648 3605 ineptam
672 3496 863 3574 exhiberi.

173 3640 351 3716 Accessit
361 3641 459 3715 item
470 3639 567 3716 huic
575 3635 1045 3722 editionicommendatio
1054 3666 1101 3715 ex
1109 3637 1190 3714 edi·

133 3781 240 3856 tione
256 3779 507 3877 casauboni,
524 3783 623 3867 anni
641 3781 753 3877 1611,
769 3807 862 3884 quae
880 3779 924 3853 in
944 3776 1188 3856 bibliotheca

133 3921 292 4000 Cizensi
308 3942 504 4024 servatur,
522 3924 575 4022 ob
592 3925 871 4021 annotationes
887 3953 910 3998 a
922 3923 1079 3999 Thoma
1094 3921 1188 3998 Rei·

134 4066 243 4142 nesio
256 4067 430 4170 margini
440 4065 674 4174 adscriptas,
689 4096 862 4173 quarum
873 4066 1076 4172 specimen
1084 4057 1189 4143 Mul·
