2646 4824
61 363 67 373 ‘
128 394 220 465 xxm
366 362 940 437 aecensusnurrronun

127 498 285 580 Philippi:
306 515 365 555 aere
383 513 456 554 vero
472 485 596 553 necnon
617 490 765 572 impensis
783 474 1056 570 integerrimorum
1073 485 1190 546 Biblio-

128 588 276 679 polarum
289 592 434 654 Lodovici
448 591 604 651 Hornken
617 603 647 650 et
661 587 830 649 Godofredi
842 587 1001 668 Hittorpii.
1015 607 1049 646 11.
1059 606 1090 645 u.
1102 604 1160 646 xrr.
1171 609 1187 641 a

129 694 355 757 Tol-Exstat
368 693 402 751 in
414 689 493 751 Bibl.
507 689 600 749 Acad.
613 687 809 769 Heidelberg.
825 687 918 747 Plura
934 686 972 746 de
987 684 1044 746 hac
1061 684 1110 769 ed.
1123 682 1188 743 vid.
1217 723 1219 727 <

132 815 180 876 ap.
196 792 395 875 Freytagium
407 791 441 849 in
455 790 600 870 Apparet.
616 787 660 847 lit.
673 788 708 846 T.
721 787 780 861 lll,
792 808 824 868 p.
836 785 895 846 655
908 805 974 867 sqq.
992 815 995 821 ·

176 887 262 964 1514.
277 887 438 949 Suetonius
451 885 489 945 de
503 884 592 944 claris
611 884 831 966 grammaticis.
846 883 926 942 Cum
942 880 1047 941 Plinio
1063 879 1102 940 de
1115 879 1193 939 viris

132 985 304 1046 illustribus
330 998 360 1045 et
382 982 444 1042 Jul.
469 981 672 1062 Obsequente.
697 979 892 1062 Argentorati
915 978 1001 1060 apud
1025 973 1193 1036 Matthiam

132 1083 342 1147 Schurcrium.
356 1083 384 1156 4.
397 1115 435 1124 -
448 1081 568 1140 Panzer
579 1082 613 1139 T.
622 1080 679 1154 Vl,
692 1101 722 1161 p.
735 1080 784 1139 68.

179 1180 263 1239 1515.
286 1180 321 1239 C.
345 1176 482 1238 Suetonii
502 1175 678 1258 Tranquilli
701 1174 741 1235 de
763 1175 825 1234 vita
848 1172 1012 1237 duodecim
1035 1170 1195 1233 Caesarum

136 1277 222 1339 Libri
234 1278 301 1338 Xll.

282 1447 416 1498 Caesareos
431 1461 573 1514 proceres,
588 1443 616 1494 in
632 1460 747 1513 quorum
760 1461 843 1514 regua
856 1441 981 1495 secundis

176 1556 179 1561 ,
283 1523 445 1576 Consulibus
458 1522 561 1575 dudum
575 1524 697 1575 Romana
711 1524 832 1595 potentia
844 1524 939 1590 cessit,

281 1606 383 1675 Accipe
396 1603 546 1671 bissenos,
559 1623 607 1656 suu
623 1622 757 1675 quemque
769 1605 918 1659 monastica
932 1605 1024 1675 signat.

283 1686 405 1753 Quorum
419 1704 468 1756 per
482 1685 590 1755 plenam
602 1685 695 1736 seriem
710 1685 853 1736 Suetonius
867 1685 929 1736 olim

284 1769 418 1832 Nomina,
433 1785 475 1818 res
487 1779 592 1838 gestas,
604 1768 740 1837 vitamque
754 1755 910 1837 obitumque
921 1767 1034 1839 peregit.
1104 1836 1109 1842 ¹

143 1930 216 1990 Haec
236 1927 270 1986 in
288 1925 402 1987 fronte.
419 1925 466 1985 Ad
483 1927 620 1986 calcem:
643 1951 657 1982 ιι
668 1926 702 1986 C.
719 1926 858 1986 Suetonii
872 1923 1047 2007 Tranquilli
1068 1921 1107 1983 de
1122 1921 1206 1983 duo·

144 2024 244 2085 decim
264 2023 503 2107 imperatoribus
522 2022 605 2084 finis.
624 2023 830 2106 Argentorati.
852 2026 897 2083 Ex
915 2023 1041 2084 AEdibus
1059 2017 1205 2081 Matthiae

145 2121 310 2183 Schurerii.
327 2143 431 2182 mense
449 2123 575 2182 Martio.
592 2144 626 2182 ru.
643 2144 672 2182 u.
689 2144 741 2182 xv.
756 2131 910 2204 regnante
918 2122 1110 2204 Imperatore
1126 2118 1207 2178 Caes.

145 2218 362 2280 Maximiliano
376 2220 410 2278 P.
423 2220 457 2277 F.
471 2220 548 2299 Aug.
560 2245 573 2275 a
590 2217 619 2293 4.
629 2254 668 2264 -
680 2222 822 2279 Servatur
834 2221 868 2279 in
879 2216 1028 2278 Biblioth.
1041 2219 1209 2298 Argentor.

146 2319 297 2401 Ilepetitio
310 2318 432 2377 videtur
444 2338 506 2377 esse
517 2320 535 2377 J
538 2319 669 2392 untinae,
684 2319 758 2399 quia
769 2320 874 2379 Tuccii
885 2317 1027 2401 praefatio
1040 2314 1211 2399 praeposita

148 2428 210 2494 est,
228 2418 283 2476 etsi
298 2417 336 2476 ab
352 2438 386 2477 ea
403 2417 559 2476 interdum
571 2420 605 2477 in
618 2417 736 2478 levibus
748 2419 838 2477 rebus
850 2418 996 2478 discedat.

189 2548 229 2561 -
244 2515 277 2574 C.
292 2516 431 2575 Suetonii
445 2515 620 2599 Tranquilli
636 2517 705 2576 vitae
722 2517 888 2577 duodecim
904 2518 1061 2576 Caesarum
1076 2512 1211 2593 diligen·

151 2613 266 2673 tissime
278 2613 454 2693 recognitae.
467 2648 505 2658 -
518 2613 555 2673 ln
567 2610 648 2674 fine:
663 2639 676 2669 u
686 2613 873 2695 Impressum
884 2614 1063 2687 Florentiae,
1075 2630 1171 2692 opera
1179 2619 1216 2668 et

150 2725 278 2794 sumptu
293 2710 429 2794 Philippi
443 2713 556 2772 Juntae.
573 2712 664 2771 Anno
679 2735 697 2771 a
711 2713 878 2773 Nativitate
893 2734 922 2772 u.
937 2731 989 2772 xv.
1005 2730 1097 2793 supra
1111 2705 1213 2767 mille.

152 2811 258 2870 Mense
276 2810 393 2871 Martii.
411 2814 512 2870 Leone
526 2810 648 2870 decimo
663 2809 821 2872 Pontifice.
833 2836 848 2868 >s
864 2813 893 2872 8.
905 2845 944 2856 -
959 2813 1075 2871 Panzer
1088 2808 1122 2864 T.
1135 2805 1215 2883 Vll,

154 2931 184 2991 p.
203 2929 251 2967 21.
266 2908 418 2988 Repetitio
433 2906 481 2969 ed.
493 2909 631 2988 Juntinac
650 2908 735 2968 1510.
1140 2893 1144 2901 ¹

195 3038 233 3047 -
246 3004 408 3062 Suetonius
422 3002 460 3062 de
472 3002 560 3062 claris
572 3004 789 3063 Grammaticis
803 3016 833 3064 et
846 3003 1046 3079 Rhetoribus,
1062 3023 1136 3062 cum
1148 3000 1217 3060 Pli-

155 3101 200 3160 nii
214 3100 376 3182 Epistolis,
390 3113 444 3160 etc.
460 3100 642 3178 Florentiae,
655 3123 704 3184 ap.
717 3101 798 3162 Phil.
811 3104 829 3161 J
832 3115 950 3163 untam.
965 3107 993 3164 8.

363 3278 480 3344 AETAS
505 3279 548 3344 ll.
572 3280 1011 3348 EGNATIOAERASMICA.

581 3426 703 3486 1516-
714 3426 801 3506 1594.

201 3600 305 3675 Quam
317 3613 384 3681 post
395 3602 424 3659 J.
437 3602 524 3682 Bapt.
538 3602 723 3682 Egnatium,
736 3600 857 3663 Aldinae
880 3625 891 3662 1
910 3613 1101 3680 curatorem,
1113 3605 1227 3666 condi·

161 3696 208 3756 dit
223 3698 261 3756 D.
275 3698 419 3759 Erasmus
432 3701 533 3759 Roter.
551 3700 623 3759 Post
637 3700 704 3759 illos
711 3699 864 3782 ⁸juverunt
876 3700 1041 3762 lectionem
1054 3702 1222 3764 Suetoniu-

161 3814 238 3853 nam
251 3794 402 3854 Robertus
422 3794 609 3878 Stephanus,
625 3798 722 3858 Henr.
735 3798 921 3876 Glareanus,
934 3798 1051 3860 Theod.
1070 3801 1224 3864 Pulman·

162 3892 237 3968 nus,
253 3903 283 3951 et
293 3894 437 3953 Laevinus
448 3894 638 3954 Torrentius.

208 3988 293 4049 1516.
308 3989 418 4051 Aldina
437 4012 462 4051 1.
474 3993 512 4052 ln
524 3990 583 4052 hoc
594 3991 756 4054 volumine
766 3991 833 4080 haec
844 3994 1052 4057 continentur.
1065 3995 1099 4055 C.
1114 3997 1227 4059 Sueto·
