2646 4824
277 385 339 419 ¹-
420 371 732 439 usuuTonn.
1038 394 1107 446 xxv
1210 422 1213 433 .

57 494 128 555 souii
140 495 281 556 carmine
293 496 328 555 iu
339 515 385 556 xn
398 497 548 574 Caesares,
562 511 592 558 et
603 499 760 560 Calderini
771 501 951 584 Siconrsque
964 504 1106 566 Poletoni

57 598 120 656 Vita
133 596 287 677 Suetonii.
302 596 446 677 Sequitur
457 596 560 658 brevis
571 597 727 660 Calderini
742 601 990 662 Commentarius
1001 605 1035 664 in
1047 606 1108 665 tria

55 697 151 778 capita
170 696 278 778 priora
293 697 366 755 vitae
384 696 447 756 Jul.
461 695 606 771 Caesaris,
628 697 750 758 duabus
767 700 887 782 paginis
906 700 1108 783 comprehen-

55 817 109 856 sus.
123 797 161 854 In
175 795 241 855 fine
253 794 389 855 Suetonii
398 793 529 875 legitur:
546 796 663 855 «Finis.
679 795 850 856 Mediolani
861 798 1043 881 impressum
1054 822 1110 882 per

54 895 236 975 Magistrum
248 891 434 974 Philippum
443 890 481 951 de
491 889 634 973 lavagnia
645 915 678 953 Μ.
691 914 773 954 0000.
785 915 876 971 rxxv,
886 895 936 956 die
948 918 986 956 20
997 900 1015 957 J
1018 896 1083 957 ulii.
1092 923 1107 955 Μ

55 988 89 1051 lir
109 982 194 1052 calce
215 991 409 1070 reliquorum
426 1002 611 1050 auctorum:
630 990 865 1051 «Informatum
885 1007 929 1052 est
950 991 1010 1055 hoc
1032 1015 1110 1077 opus

55 1088 299 1170 permagistrum
306 1084 489 1169 Philippum
496 1087 535 1147 de
544 1089 690 1169 Mvagna
699 1110 814 1150 annua
824 1090 986 1151 nativitate
996 1090 1112 1152 Christi

56 1210 88 1248 Μ.
106 1208 190 1248 0000.
212 1208 304 1248 uxxv.
328 1187 494 1248 undecimo
518 1185 672 1247 Kalendas
694 1190 875 1264 lanuarias,
897 1188 1109 1251 Mediolani„

55 1286 117 1347 Fol.
128 1287 224 1346 -De
238 1286 392 1346 rarissima
408 1284 467 1345 hac
480 1286 615 1346 editione
630 1285 691 1344 vid.
709 1285 778 1346 Car.
799 1285 915 1347 Theod.
935 1289 1113 1348 Gemeiners

56 1382 263 1446 Nachrichten
275 1405 339 1444 von
351 1383 412 1444 den
424 1373 457 1442 in
470 1383 524 1444 der
537 1383 841 1465 Regensburgischen
855 1385 1113 1447 Stadtbibliothek

57 1483 267 1546 befindlichen
287 1483 537 1564 merkwiirdigen
558 1482 624 1543 und
650 1483 785 1543 seltenen
802 1484 945 1547 Biicheru
968 1507 1023 1548 aus
1042 1486 1115 1546 dent

57 1580 272 1642 firniaehnden
283 1578 493 1640 Iahrhundert
512 1601 543 1661 p.
559 1599 594 1639 αι
610 1601 675 1661 sqq.
691 1593 722 1638 et
733 1580 871 1641 Iudicem
885 1597 1028 1642 nostrum
1045 1581 1114 1643 edd.

58 1680 248 1762 Scriptorum
260 1676 332 1738 hist.
345 1679 422 1758 Aug.
437 1700 467 1760 p.
483 1678 531 1736 26.
1085 1686 1088 1691 '

97 1777 318 1837 -Suetonius
341 1776 380 1836 de
400 1775 626 1836 Grammaticis.
645 1773 819 1835 Phalaridis
838 1776 1002 1858 Epistola,
1019 1777 1116 1840 latine

60 1877 189 1955 interpr.
203 1875 331 1936 Aretino
343 1875 368 1933 F
369 1873 499 1934 oeliciter
512 1871 659 1932 absoluta
677 1885 750 1932 suut
763 1875 788 1933 Α
805 1894 994 1937 uccccnxxv.
1013 1875 1118 1937 Mode-

61 1992 122 2036 stus
134 1974 174 2034 de
187 1996 221 2034 re
236 1973 371 2033 militari.
381 1973 427 2031 De
438 1970 669 2051 Magistratibus
682 1982 712 2030 et
729 1971 919 2032 Sacerdotiis.
939 1973 1061 2034 Plinius
1079 1973 1119 2034 de

61 2074 131 2133 viris
154 2070 336 2131 illustribus.
359 2067 389 2144 4.
410 2090 432 2128 s.
456 2066 477 2128 l.
496 2080 526 2127 et
545 2081 667 2150 typogr.
685 2066 765 2128 forte
782 2070 889 2129 Romae
910 2071 1067 2152 impressa.
1081 2107 1119 2116 -

62 2173 181 2231 Panzer
194 2171 229 2227 Τ.
245 2168 291 2243 ll,
304 2191 336 2250 p.
352 2169 421 2241 462.
905 2243 909 2256 ι

105 2268 191 2351 ι478.
212 2269 247 2327 C.
268 2265 419 2327 Suetonii.
437 2264 623 2347 Tranquilli.
642 2267 689 2325 De
710 2266 923 2326 Grammatici.
943 2268 983 2326 Et
1011 2267 1122 2329 Rheto-

62 2371 157 2431 ribus.
171 2367 278 2427 Claris.
294 2365 393 2424 Liber.
406 2364 526 2445 lncipit.
537 2397 575 2409 -·
588 2366 662 2424 Haec
679 2364 712 2422 in
729 2363 831 2424 fronte
844 2365 941 2424 literis
955 2365 1122 2447 quadratis.

62 2470 100 2528 ln
111 2466 174 2525 fine
185 2463 296 2524 iisdem
306 2462 401 2521 literis
413 2485 420 2520 ε
437 2485 451 2515 ιι
462 2462 659 2542 lmpressum.
670 2460 843 2522 Florentiae.
851 2461 952 2543 Apud.
965 2462 1123 2523 Sanctum.

64 2565 227 2626 Jacoburn.
247 2562 302 2621 De.
319 2558 433 2641 Ripoli.
454 2581 488 2619 Μ.
501 2578 583 2618 cecc.
597 2578 727 2618 rxxvrn.
746 2555 931 2633 lp—Maitt.
949 2582 980 2642 p.
1003 2559 1072 2639 390,
1095 2574 1124 2620 et

66 2660 135 2742 394.
152 2662 274 2720 Panzer
288 2658 323 2715 T.
336 2656 367 2733 l,
382 2678 412 2737 p.
428 2653 499 2732 406.

109 2758 196 2834 [480.
212 2756 350 2818 Suetonii
367 2754 446 2816 vitae
462 2755 632 2831 Caesarum,
652 2775 724 2813 cum
737 2743 870 2812 Domitii
889 2754 1045 2814 Calderini
1062 2754 1126 2814 vita

64 2856 214 2918 Suetonii.
236 2855 275 2914 ln
293 2851 381 2913 fine:
404 2875 419 2906 a
428 2851 513 2912 Finis
529 2874 536 2910 ε
554 2853 624 2911 Hoc
643 2872 721 2932 opus
745 2850 908 2932 diligenter
926 2851 1126 2911 emendatum

64 2957 253 3039 impressum
272 2937 317 3014 est
339 2949 511 3012 Mediolani
535 2971 589 3032 per
607 2952 779 3011 Antonium
803 2953 953 3010 Zarotum
978 2973 1072 3033 opera
1098 2965 1128 3012 et

65 3056 208 3136 impensa
227 3049 381 3111 Johannis
396 3047 522 3130 legnani
536 3048 585 3107 die
604 3070 667 3109 xvi.
685 3048 869 3108 Novembris
888 3050 980 3109 Anno
998 3049 1127 3109 domini.

66 3174 102 3212 Μ.
117 3171 203 3211 0000.
217 3169 307 3210 cxxx.
318 3173 332 3204 Μ
348 3146 413 3207 Fol.
424 3181 463 3192 —
473 3146 574 3206 Maitt.
587 3165 618 3224 p.
628 3143 699 3219 4ιο.
712 3147 832 3205 Panzer
845 3159 922 3206 tom.
936 3147 965 3205 ΙΙ
973 3191 981 3222 ,
995 3169 1025 3228 p.
1042 3146 1090 3206 38.

108 3285 147 3296 —
157 3236 339 3322 Suetonius,
354 3258 410 3306 etc.
427 3244 464 3304 ln
478 3247 580 3327 prima
592 3246 707 3327 pagina
721 3245 774 3305 fol.
791 3266 820 3321 2,
838 3246 985 3326 leguntur
998 3248 1129 3306 Ausonii

67 3368 175 3409 versus
188 3345 229 3404 de
241 3344 378 3403 Suetonii
393 3342 538 3418 historia,
554 3342 667 3424 quibus
682 3341 798 3402 accedit
810 3342 938 3403 titulus:
955 3344 1014 3403 «C.
1027 3344 1131 3404 Sueto·

69 3447 117 3507 nii
131 3440 314 3523 Tranquilli
326 3440 365 3501 de
376 3441 440 3501 vita
454 3460 500 3499 ιιιι
513 3439 672 3499 Caesarum
684 3440 777 3499 Liber
791 3425 922 3521 primus.
933 3476 970 3487 —
979 3441 1017 3498 D.
1029 3438 1132 3500 Julius

69 3544 181 3603 Caesar.
192 3564 207 3595 Μ
225 3539 263 3596 ln
272 3535 336 3596 fine
349 3558 355 3594 :
372 3537 432 3596 «C.
443 3536 581 3596 Suetonii
591 3535 766 3618 Tranquilli
785 3536 823 3595 de
840 3538 903 3595 vita
916 3556 962 3594 ιιι
974 3537 1129 3597 Caesarum

69 3641 157 3702 Libri
178 3637 377 3697 duodecimi:
393 3658 429 3697 ac
443 3636 548 3697 ultimi
568 3636 650 3698 finis.
661 3664 675 3695 n
696 3640 875 3719 Sequuntur
894 3631 988 3699 iidem
1003 3640 1132 3700 Ausonii
1217 3629 1219 3632 ¹

70 3724 193 3811 versus,
215 3733 415 3795 Monosticha
434 3735 473 3794 de
494 3735 603 3795 ordine
621 3737 864 3819 imperatorum,
885 3736 1074 3797 Tetrasticha
1095 3735 1133 3795 de

72 3836 248 3898 Caesaribus
261 3847 330 3917 post
346 3835 585 3916 Tranquillum,
599 3835 662 3896 duo
681 3837 790 3917 Elogia
807 3837 958 3896 Suetonii.
975 3835 1132 3896 Tandem:

75 3936 245 4023 «Finisn.
262 3954 346 3994 cocc.
361 3955 449 3995 uxxx.
461 3936 647 4015 Registrum.
657 3961 671 3992 Μ
687 3934 778 3996 Char.
793 3937 884 3996 Rom.
898 3955 972 3995 oum
984 3937 1063 4017 sign.
1078 3930 1133 3995 fol.
1202 3932 1203 3937 ’

75 4036 151 4096 min.
167 4055 190 4095 s.
204 4032 226 4093 l.
238 4043 269 4092 et
282 4043 403 4116 typogr.
421 4025 590 4096 mentione.
606 4063 643 4081 -·«
655 4035 774 4097 Panzer
787 4037 821 4097 T.
840 4037 897 4111 IV,
914 4058 945 4118 p.
959 4031 1028 4109 464.
