2646 4824
392 359 512 425 novt
537 357 783 424 EDlTORlS.
1070 377 1118 422 vu

62 509 253 617 profectae
266 503 470 584 videntur.
489 504 618 578 Immo
632 502 905 606 praetermissis
920 528 1026 607 saepe
1043 499 1122 576 dif-

61 647 332 745 ficultatibus,
351 671 451 750 quas
470 640 664 750 plurimas
687 646 976 748 provectiorem
1001 645 1121 719 etiam

58 795 257 899 juvenem
285 788 434 866 morari
459 787 535 891 ipsi
565 786 718 891 experti
745 812 901 882 sumus,
922 783 1123 890 longiores

64 931 151 1009 aliis
164 929 262 1010 locis
276 929 573 1034 disquisitiones
588 946 628 1004 et
642 944 796 1033 argutae
809 953 1123 1032 nonnunquam,

65 1073 139 1150 uhi
161 1074 298 1148 minus
313 1097 418 1176 opus
439 1088 543 1166 erat,
571 1069 668 1173 quia
692 1069 887 1144 intentior
914 1095 1010 1144 cura
1036 1069 1124 1145 viro

65 1245 227 1305 summo
255 1242 418 1293 omnem
441 1209 676 1319 scrupulum
706 1213 934 1306 exemisset,
965 1208 1120 1287 facilem

65 1389 197 1467 quum
219 1360 422 1471 scriptoris
437 1354 670 1451 lectionem,
688 1374 776 1432 tum
792 1356 965 1460 ingenii,
981 1352 1125 1432 dictio·

67 1502 150 1594 niS,
175 1499 408 1604 argumenti
424 1497 716 1600 cognitionem,
732 1499 900 1572 minime
927 1494 1125 1573 efficiunt.

67 1643 204 1746 Atque
222 1641 319 1716 huic
337 1642 458 1716 unice
479 1665 646 1734 caussae,
662 1637 774 1742 quod
793 1637 1023 1715 Ernestium
1041 1666 1124 1715 non

68 1783 226 1861 dedisse
236 1783 490 1890 putabamus,
502 1810 594 1886 quae
609 1780 705 1858 dare
721 1784 931 1887 potuisset,
950 1809 1034 1859 non
1052 1784 1127 1857 im·

68 1927 358 2024 moderationi,
389 1923 454 2004 vel
485 1928 631 2002 minori
663 1928 901 2003 reverentiae
937 1925 1127 2003 adversus

68 2071 443 2176 praestantissimum
464 2070 506 2144 in
530 2065 714 2174 plurimis
738 2065 944 2145 literarum
970 2069 1128 2174 generi-

69 2211 148 2290 bus
165 2214 404 2317 magistrum
422 2209 685 2288 tribuendum
708 2229 785 2309 est,
809 2214 841 2287 si
864 2208 1029 2316 quando
1051 2210 1128 2286 hoc

70 2355 188 2433 nobis
205 2356 470 2461 sumpsimus,
485 2373 567 2431 uta
585 2357 673 2431 viro
690 2371 803 2432 tanto
823 2374 945 2458 atque
961 2351 1031 2429 tali
1045 2351 1127 2429 dis-

69 2499 324 2573 sentiremus.

125 2639 310 2717 Reddere
318 2641 498 2717 ‹Ernestii
515 2639 755 2740 editionem,
772 2668 855 2717 non
871 2669 1017 2719 novam
1032 2668 1128 2748 pro·

71 2810 238 2878 curare,
268 2779 424 2866 Wolfio
450 2783 531 2858 fuit
557 2784 819 2888 propositum.
851 2785 909 2857 lta
937 2785 1130 2888 expunxit

72 2923 256 3029 quidem,
275 2952 380 3028 quas·
390 2922 459 3001 ille
475 2921 711 3029 reliquerat,
728 2920 838 3003 labes
854 2953 862 2999 :
878 2942 1009 3000 textus
1024 2924 1131 2999 sani-

74 3067 144 3140 tati
165 3093 214 3142 ex
234 3068 412 3172 pristinis
434 3069 631 3171 novisque
653 3064 859 3162 subsidiis,
883 3086 923 3142 et
936 3062 1131 3171 singulari

75 3210 228 3313 ingenii
242 3213 448 3306 acumine,
469 3213 570 3286 mire
584 3206 807 3287 consuluit:
824 3208 999 3315 expediit
1012 3210 1132 3284 etiam

75 3351 212 3455 paucis
224 3378 328 3458 saepe
346 3351 480 3429 verbis
500 3349 776 3447 difficultates,
793 3349 1030 3454 addiditque
1050 3377 1133 3426 suae

77 3489 338 3589 Ruhnkenii,
362 3496 478 3601 cujus
501 3493 660 3571 dictatis
684 3492 891 3588 utebatur,
916 3494 1133 3568 auctorita-

75 3653 169 3711 tem.
191 3635 271 3714 Sed
290 3639 374 3743 ipsa
394 3637 580 3720 editionis
602 3640 756 3714 ratione
781 3637 978 3742 egregiam
1001 3638 1135 3742 potius

77 3776 217 3856 alienae
240 3783 361 3858 crisin
376 3840 387 3878 ,
404 3812 540 3888 ,quam
565 3811 679 3882 suam
703 3802 744 3860 et
773 3810 814 3858 se
833 3781 1022 3887 dignam,
1050 3782 1134 3887 ipse

77 3920 233 4000 dedisse
247 3925 356 4001 visus
369 3945 439 4004 est.

130 4063 233 4164 Quae
248 4095 376 4171 quum
391 4070 446 4145 ita
461 4089 610 4166 essent,
629 4071 688 4147 vir
702 4070 977 4148 ornatissimus
990 4068 1135 4144 Reum.-
