2646 4824
131 400 1184 449 m

297 637 626 728 auouasus
655 610 1021 731 bammum

113 963 116 968 -
158 895 218 1007 C.
253 895 624 1009 SUETONII
658 899 1154 1038 TRANQUILLI

212 1172 501 1248 anauoaaroa
524 1175 584 1240 aa
607 1175 799 1258 Aucaroa
824 1178 1101 1260 alemanno

332 1371 373 1423 IN
391 1370 587 1438 QUATUOR
606 1373 759 1427 AETATES
777 1374 978 1429 DIGESTUS.

475 1621 534 1678 (Ex
550 1621 601 1665 ΕΙ).
620 1620 756 1667 ΒΙΡΟΝΤ.
777 1620 860 1680 1800.)
942 1621 946 1628 '

550 1858 771 1896 *ow*

251 2095 260 2108 '
384 2170 387 2177 .
473 2096 587 2160 AETAS
608 2096 632 2155 Ι.
653 2097 849 2166 NATALIS.

561 2238 767 2322 1470-1515.

174 2426 359 2486 Conarones
373 2426 466 2508 primi
482 2424 570 2485 fuere
583 2427 601 2485 J
603 2446 632 2485 ο.
645 2430 717 2488 Ant.
734 2427 913 2509 Campanus
924 2442 956 2487 et
969 2429 1020 2489 Jo.
1036 2428 1189 2505 Andreas,

133 2525 303 2608 Episcopus
311 2525 487 2602 meriensis,
500 2527 737 2602 Bonaccursius‚
747 2528 837 2588 Dom.
852 2527 1048 2604 Calderinus‚
1061 2543 1090 2590 et
1099 2531 1190 2591 Xieco

134 2625 336 2686 Polentonus.
354 2626 525 2685 Successore
542 2625 808 2686 Commentatores
827 2628 870 2686 M.
888 2629 960 2687 Ant.
980 2628 1147 2688 Sabellicus
1162 2641 1192 2688 et

133 2722 215 2783 Phil.
227 2723 394 2783 Beroaldus
404 2736 500 2806 pater.
507 2724 587 2782 'l'um
598 2727 751 2783 rationem
762 2727 860 2807 magis
871 2726 1010 2785 criticam
1023 2724 1192 2786 adhibuere

134 2821 239 2883 Guido
249 2822 455 2898 Morillonus‚
467 2822 576 2903 primae
589 2823 786 2899 Parisiensis‚
799 2824 959 2885 Marianus
970 2809 1115 2900 Tuccius,
1128 2826 1200 2908 pri--

134 2940 192 2980 moe
206 2921 345 2981 Juntinae
360 2934 523 2981 curatores.

178 3015 264 3100 1470.
281 3018 386 3078 Editio
406 3020 558 3101 princeps.
576 3017 608 3076 C.
628 3018 769 3077 Suetonii
782 3018 959 3102 Tranquilli
973 3018 1012 3079 de
1027 3040 1074 3080 xu
1095 3021 1191 3080 Caesa-

134 3137 206 3177 rum
221 3117 291 3176 vitis
303 3115 388 3175 Libri
399 3136 456 3191 xri,
471 3137 507 3175 ex
520 3113 735 3194 recognitione
746 3115 794 3174 Jo.
810 3117 922 3175 Anton.
934 3116 1096 3198 Campani.
1112 3118 1193 3176 Prae-

134 3213 270 3273 mittitur
283 3212 421 3295 Epistola
431 3214 449 3272 J
451 3234 481 3272 o.
490 3213 605 3271 Anton.
618 3213 771 3294 Campani
781 3211 820 3270 ad
832 3213 1032 3272 Franciscum
1042 3212 1193 3273 Cardine-

134 3303 487 3385 lem'Piccolomineum.
512 3309 691 3387 Sequuntur
714 3307 787 3368 dein
806 3308 937 3368 rubricae
959 3307 1116 3370 librorum
1140 3331 1194 3393 per

4 3481 6 3486 Α
136 3405 290 3467 ordinem.
298 3408 336 3467 ln
343 3404 420 3466 fine:
437 3429 450 3460 a
458 3406 513 3465 Cai
524 3405 661 3464 Suetonii
669 3405 844 3487 Tranquilli
856 3405 894 3465 de
906 3426 951 3465 xu
961 3408 1110 3474 Cesaram
1119 3407 1194 3466 uitis

134 3497 213 3566 liber
226 3501 356 3562 ultimus
370 3501 497 3561 feliciter
516 3497 594 3559 finit.
612 3496 777 3568 Absolutus
793 3502 893 3560 Rome
910 3501 944 3560 in
961 3501 1053 3584 pinea
1067 3501 1195 3582 regione

46 3599 48 3607 ’
135 3601 187 3660 via
205 3619 285 3681 pape
309 3601 403 3659 Anno
421 3620 439 3658 a
458 3595 574 3658 Christi
594 3597 692 3656 natali
717 3619 751 3658 n.
771 3617 852 3657 cccc.
873 3618 943 3659 axx.
965 3597 1068 3657 Sextili
1089 3619 1195 3659 mense

135 3695 227 3763 Pauli
240 3710 345 3756 autem
357 3695 466 3756 Veneti
481 3715 515 3755 11.
531 3695 624 3755 Pont.
637 3697 718 3754 Max.
732 3716 815 3755 anno
830 3711 948 3756 sexto.»
968 3695 1032 3765 Fol.
1052 3717 1075 3755 s.
1095 3688 1127 3756 n.
1146 3710 1197 3778 ty-

135 3793 307 3881 pographi3
320 3795 503 3876 elegantiori
519 3807 624 3852 tamen
635 3791 808 3854 charactere
820 3797 984 3876 impressa,
998 3815 1094 3876 quam
1110 3808 1147 3853 ut
1160 3814 1196 3854 ex

137 3890 265 3952 officina
282 3892 419 3977 pdalriei
436 3895 508 3952 Han
528 3911 596 3950 carn
611 3891 763 3972 prodiisse
777 3893 814 3952 sit
833 3892 987 3952 credibile.
1003 3892 1108 3969 Quare
1122 3912 1196 3972 pro·

136 3990 247 4052 bamus
258 3987 412 4071 judicium
426 3988 616 4063 Audiffrcdi‚
632 3989 686 4070 qui
706 3987 786 4050 hanc
805 3989 852 4049 ed.
871 4012 889 4049 a
906 3988 972 4049 loh.
988 3987 1068 4049 Phil.
1089 3989 1129 4049 de
1144 3989 1195 4049 Li-

136 4090 285 4174 gnamine
299 4090 478 4178 impressam
493 4101 592 4171 putat.
608 4088 661 4148 Usi
674 4101 747 4149 sunt
762 4111 798 4149 ea
811 4090 1010 4162 Burmannus
1022 4103 1052 4175 et
1068 4088 1197 4169 Ouden-
