2646 4824
212 405 315 452 xxxtv
442 383 1010 453 RECENSUSEDITIONUM

256 515 341 576 1521.
351 513 462 575 Aldina
475 535 509 575 11.
520 513 553 572 C.
566 513 728 574 Suetonius
737 513 949 595 Tranquillus.
963 518 992 575 S.
1005 515 1078 575 Aur.
1086 516 1202 576 Victor.
1213 517 1275 576 En-

211 611 338 693 tropius.
356 612 471 672 Paulus
488 612 655 670 Diaconus.
669 611 892 670 Annotationes
907 613 934 670 J.
950 614 983 671 B.
1003 613 1130 693 Egnatii
1151 625 1181 672 et
1195 615 1272 672 Era-

211 706 279 767 smi.
294 740 334 752 -
346 708 383 766 In
398 705 482 767 fine:
505 706 667 766 «Venetiis
687 706 721 765 in
739 706 857 765 aedibus
869 706 939 765 Aldi
959 721 989 767 et
1008 709 1138 769 Andreae
1150 710 1273 783 Soceri,

209 789 314 864 Mense
327 805 416 863 Maio
429 823 538 864 unxxr.
549 830 562 860 n
581 805 608 863 8.
622 837 660 848 -
673 805 789 863 Panzer
799 805 834 863 T.
842 805 931 880 VIII,
945 828 976 887 p.
988 802 1058 878 466.

250 936 289 946 —
304 900 466 961 Suetonius
489 900 610 960 devita
634 920 680 959 xn
699 901 865 961 Caesarum.
881 901 1078 982 Argentorati
1097 899 1182 984 apud
1195 899 1270 962 Joh.

208 998 347 1060 Schurer.
359 999 389 1074 4.
400 1002 568 1059 —Panzer
577 1002 611 1059 T.
621 1000 679 1075 vl,
694 1021 725 1081 p.
739 1000 788 1079 96.
828 1070 832 1078 Ι
1007 1069 1011 1075 ,

248 1133 287 1145 -
298 1101 344 1160 De
355 1099 443 1160 claris
455 1099 676 1159 Grammaticis
688 1113 717 1158 et
729 1097 928 1175 Rhetoribus,
941 1121 1013 1160 curn
1026 1100 1129 1160 Plinio
1142 1097 1181 1158 de
1193 1098 1271 1158 viris

179 1188 184 1197 Χ
209 1198 377 1259 illustribus
391 1211 420 1258 ct
434 1199 452 1256 J
454 1199 519 1258 ulio
533 1198 737 1281 Obsequente
756 1199 950 1279 Argentorati
965 1221 1001 1259 ex
1015 1199 1134 1261 sedibus
1149 1197 1269 1258 Hulde-

208 1293 286 1356 richi
297 1293 472 1356 Morhardi.
485 1291 499 1352 l
508 1338 514 1352 .
526 1329 567 1381 7-
581 1297 698 1353 Panzer
714 1294 790 1355 ibid.
806 1317 837 1376 p.
852 1315 900 1379 97.

252 1395 337 1454 1521.
361 1396 407 1453 De
432 1391 521 1452 claris
545 1393 763 1453 Grammaticis
786 1405 816 1453 ct
839 1392 1047 1469 Rhetoribus,
1072 1416 1145 1454 cum
1169 1394 1270 1454 Plinii

207 1484 352 1574 Epistolis
369 1503 399 1550 et
411 1489 497 1551 Julio
512 1491 716 1575 Obsequente.
732 1492 855 1552 Basileae
870 1493 954 1576 apud
967 1493 1122 1554 Andream
1135 1495 1268 1553 Cratan-

208 1590 310 1650 drum.
329 1591 357 1648 8.

251 1688 336 1749 1522.
349 1689 488 1748 Suetonii
502 1688 644 1748 Caesares.
657 1688 887 1749 venundantur
899 1711 917 1748 a
929 1688 1086 1770 Stephano
1099 1689 1218 1772 Aufray
1234 1692 1268 1749 in

206 1785 282 1844 Vico
300 1783 440 1844 Jacobaeo
459 1785 516 1844 sub
532 1785 626 1866 Signo
646 1785 743 1845 Ensis.
766 1786 890 1845 Parisiis
909 1787 999 1846 Anno
1018 1807 1140 1848 1111111111.
1159 1786 1270 1847 Idibus

156 1920 157 1924 =
205 1883 334 1943 Martiis.
348 1884 377 1943 8.
390 1884 507 1943 Panzer
515 1885 549 1942 T.
559 1882 645 1957 VIII,
659 1904 689 1963 p.
704 1885 752 1943 81.

249 1980 335 2039 1523.
351 1980 515 2041 Suetonius
530 1979 568 2038 de
582 1980 800 2040 Grammaticis
816 1994 846 2039 et
859 1978 1061 2056 Rhetoribus,
1079 1978 1151 2040 cum
1169 1980 1270 2041 Plinii

153 2086 161 2099 ²
206 2076 349 2159 Epistolis
368 2089 397 2137 et
416 2075 479 2138 Jul.
497 2077 702 2157 Obsequente.
721 2078 896 2160 Antverpiae
911 2078 945 2138 in
959 2076 1079 2138 aedibus
1095 2079 1177 2140 Guil.
1190 2081 1271 2141 Vor-

206 2175 388 2234 stermanni.
405 2177 432 2234 8.

249 2274 335 2334 1526.
347 2275 394 2333 De
407 2273 497 2334 claris
509 2275 727 2333 Grammaticis
738 2288 767 2333 et
778 2272 977 2351 Rhetoribus,
989 2297 1062 2336 cum
1078 2276 1173 2337 Plinii
1189 2278 1268 2361 Epi·

206 2367 308 2448 stolis,
324 2386 378 2432 etc.
392 2372 533 2446 Basileae,
546 2371 629 2453 apud
650 2372 744 2432 Andr.
757 2372 976 2433 Cratandrum.
992 2377 1020 2434 8.

251 2468 336 2549 1527.
352 2468 533 2544 Suetonius,
548 2473 629 2528 inter
641 2468 808 2550 Scriptores
821 2471 900 2529 Hist.
912 2470 989 2550 Aug.
1001 2491 1037 2529 ex
1049 2472 1272 2550 recognitione

207 2567 277 2626 Des.
296 2567 416 2626 Erasini
434 2569 539 2626 Roter.
559 2566 692 2626 Coloniae
714 2567 748 2626 in
765 2566 884 2627 aedibus
899 2565 1046 2628 Eucherii
1067 2570 1273 2648 Cervicorni,

208 2685 313 2725 mense
326 2664 432 2745 Aprili.
445 2664 513 2724 Fol.

249 2762 465 2822 -Suetonius
483 2783 554 2820 cum
573 2762 828 2822 annotationibus
846 2765 914 2822 Des.
934 2763 1053 2822 Erasmi
1072 2764 1222 2824 Roterod.
1242 2781 1274 2826 et

208 2861 342 2940 Egnatii.
362 2859 408 2918 Ex
426 2859 551 2919 officina
570 2859 702 2918 Simonis
723 2859 852 2918 Colinaei
871 2858 1087 2920 Parrhisiensis
1105 2862 1272 2943 Typogra·

93 2942 99 2954 ’
209 2961 276 3044 phi.
298 2983 441 3022 nnxxvu.
463 2964 549 3021 Sexto
571 2960 719 3020 Calendas
740 2960 880 3041 Augusti.
902 2963 931 3021 8.
951 2995 990 3006 —
1012 2963 1106 3020 Panz.
1123 2963 1157 3019 T.
1176 2962 1270 3040 VIII,

234 3055 326 3118 .1o3.

212 3081 232 3140 p
253 3155 338 3234 1529.
351 3154 397 3213 De
410 3154 500 3213 claris
513 3153 727 3214 Grammaticis
739 3150 977 3228 etRhetoribus,
1000 3174 1072 3214 cnm
1084 3153 1180 3214 Plinii
1197 3157 1272 3238 Epi-

211 3252 310 3327 stolis,
328 3265 383 3312 etc.
397 3253 537 3327 Parisiis,
550 3251 633 3333 apud
643 3253 722 3312 Rob.
735 3249 937 3333 Stephanum.
950 3253 977 3311 8.
996 3322 998 3329 J

256 3352 341 3411 1530.
357 3352 402 3409 De
416 3349 505 3410 claris
520 3351 736 3410 Grammaticis
747 3363 776 3408 et
787 3348 990 3426 Rhetoribus,
1001 3372 1073 3411 cum
1083 3351 1178 3411 Plinii
1187 3354 1270 3438 Epp.

213 3459 244 3506 et
261 3448 322 3506 Jul.
343 3448 549 3529 Obsequente.
567 3448 707 3522 Basileae,
728 3447 811 3529 apud
831 3449 924 3509 Andr.
945 3448 1161 3510 Cratandrum.
1182 3453 1211 3513 8.
1231 3488 1271 3498 -

216 3546 334 3603 Panzer
344 3548 378 3616 T,
389 3547 447 3613 VI,
461 3568 490 3627 p.
504 3545 572 3626 276.

139 3659 143 3667 ‘
261 3641 345 3701 1531.
358 3644 403 3702 De
415 3643 504 3701 claris
517 3643 738 3701 Grammaticis
749 3655 778 3701 et
786 3640 988 3720 Rhetoribus,
1005 3665 1077 3703 cum
1087 3643 1180 3703 Plinii
1198 3648 1272 3728 Epi-

215 3738 316 3813 stolis,
332 3753 387 3800 etc.
400 3741 563 3822 Lugduni,
579 3740 662 3822 apud
677 3741 743 3801 Seh.
758 3739 943 3821 Gryphium.
958 3743 985 3801 8.

260 3837 345 3898 1532.
364 3838 526 3898 Suetonius
541 3838 578 3898 de
592 3838 683 3897 claris
696 3839 915 3897 Grammaticis
930 3850 960 3897 et
976 3836 1177 3914 Rhetoribus,
1197 3861 1272 3904 cum

217 3935 312 3996 Plinii
326 3936 487 4018 Epistolis,
502 3948 558 3996 etc.
571 3936 761 4018 Antverpiae,
776 3958 824 4018 ap.
840 3937 931 3996 Mart.
944 3938 1103 3996 Caesarem.
1117 3937 1165 4022 8...
1242 4004 1247 4014 .

263 4037 346 4097 1533.
371 4062 385 4092 ιι
396 4039 511 4096 Omnia
532 4059 626 4118 qnam
646 4035 774 4096 antchac
798 4038 1018 4097 emendatiora.
1041 4039 1272 4101 Annotationes
