2646 4824
470 356 591 421 novt
616 353 865 423 EDITORIS.
1133 382 1194 429 xru

144 505 202 600 tii,
219 502 455 580 Casauboni
472 522 512 579 et
527 499 722 614 aliorum:
741 529 816 579 nec
837 522 973 580 tamen
990 501 1058 582 illa
1078 507 1195 586 nobis

142 674 282 751 magno
290 649 383 724 usui
396 645 487 722 fuit.
501 647 539 722 3⁰
548 646 684 721 Pitisci
699 643 931 741 editionem,
946 648 1060 744 inne,
1077 649 1192 729 2v01.

140 819 257 895 quam
269 793 464 897 optimam
478 791 541 866 Da
553 807 605 865 LA
617 789 760 865 Hmrn
771 792 1072 894 pronuntiavit3
1086 793 1192 873 seda

138 930 352 1010 clarissimo
373 933 686 1038 Baumgartenio
707 959 791 1008 non
809 934 1028 1030 immerito,
1052 957 1097 1013 ut
1117 968 1192 1045 pu.

139 1096 279 1172 tamus,
292 1078 489 1180 arguitur,
498 1073 630 1180 quum
639 1078 947 1153 commentarios
958 1076 1193 1185 iudicesque

138 1218 360 1321 promiscue
374 1213 610 1321 compilaret
623 1215 794 1292 Pitiseus
815 1213 883 1319 (ob
905 1215 1016 1320 quod
1034 1245 1192 1299 summo

134 1359 222 1463 jure
250 1361 372 1436 etiam
393 1357 453 1449 ah¹
468 1356 761 1464 Oudendorpio
781 1385 887 1465 saepe
913 1361 1123 1467 carpitur),
1152 1383 1192 1441 et

136 1495 268 1574 inutili
277 1496 382 1577 mole
390 1497 582 1577 lectorem
590 1498 792 1595 obruisse,
802 1520 842 1577 et
850 1498 1083 1599 contulisse,
1098 1532 1192 1610 quae

78 1653 81 1659 '
137 1637 195 1716 vel
218 1669 363 1746 parum
386 1640 548 1740 idonea,
571 1636 636 1719 vel
658 1638 788 1716 aliena
805 1643 981 1731 etiamet
995 1642 1189 1744 absurda,

135 1768 346 1858 attentiore
360 1778 534 1861 lectione
552 1777 668 1862 facile
683 1783 766 1887 ipse
781 1785 1041 1886 cognovisset.

184 1924 278 2000 Fuit
298 1943 434 2005 autem
455 1923 562 2002 idem
580 1923 698 2002 nobis
720 1942 843 2030 atque
856 1927 1187 2033 BaumgarteniO,

136 2068 217 2142 viro
245 2087 287 2145 et
315 2065 525 2145 literarum
553 2086 593 2144 et
621 2070 872 2174 antiquitatis
896 2099 1012 2176 aeque
1038 2075 1186 2179 perito,

135 2210 310 2304 animus,
342 2236 425 2285 non
452 2226 547 2287 oum
577 2210 852 2316 superioribus
879 2213 1185 2318 interpretibus,

134 2351 240 2456 quod
253 2349 324 2428 ille
339 2351 457 2430 facile
473 2356 684 2459 potuisset,
700 2354 751 2431 de
768 2343 1006 2434 eruditionis
1020 2357 1187 2463 judicii·

72 2584 75 2590 .
133 2520 209 2598 que
223 2489 357 2599 palma
367 2493 589 2592 decertare3
605 2494 777 2573 sedeam
799 2488 987 2574 exhibere
1003 2496 1186 2577 Suetonii

134 2633 369 2730 editionem,
391 2663 484 2740 quae
498 2604 548 2713 'et
564 2637 763 2739 magistris
780 2637 822 2711 in
843 2634 1007 2742 publica
1025 2640 1187 2715 institu-

132 2777 255 2874 tione,
269 2796 310 2855 et
320 2774 625 2855 adolescentulis
636 2774 822 2883 aliisque,
835 2780 908 2892 qui
920 2765 1188 2886 minusimpe·

132 2917 254 2999 ditem
280 2921 405 3028 hujus
432 2924 636 3026 snriptoris
657 2938 854 3029 cuperent
879 2919 1114 3018 lectionem,
1137 2925 1186 3011 iis

132 3061 307 3169 denique
327 3060 552 3160 sufficeret,
571 3066 642 3168 qui
667 3066 792 3144 animi
811 3066 937 3168 magis
953 3042 1185 3143 oblectandi

130 3207 328 3310 variisque
336 3206 587 3310 antiquitatis
596 3203 793 3285 thesauris
801 3204 1046 3302 instruendi,
1059 3229 1184 3310 quam

101 3342 377 3425 'meanditam
401 3346 629 3426 doctrinam
653 3347 884 3453 aucupandi
916 3345 1102 3445 consilio,
1132 3349 1183 3439 ad

130 3518 220 3568 eum
234 3494 500 3570 accessissent.
517 3496 576 3571 lta
585 3490 675 3569 fieri
686 3520 768 3569 non
791 3493 941 3598 potuit,
956 3493 1061 3596 quin
1073 3520 1183 3597 quae·

130 3630 219 3708 dam
230 3633 451 3739 repetenda
460 3633 708 3729 viderentur,
716 3630 884 3738 quaealii
889 3607 974 3740 jam
983 3635 1181 3739 copiosius

129 3776 418 3880 exposuissent:
433 3773 588 3880 quodsi
605 3774 677 3878 qui
690 3773 851 3853 crimini
868 3770 985 3848 nobis
999 3770 1181 3862 dandum

128 3920 416 4015 existimarent,
432 3921 645 3994 maximam
665 3944 760 3993 sane
776 3917 968 4023 injuriam
987 3914 1179 3990 facerent.

130 4061 227 4160 Quis
246 4062 358 4142 enim
376 4088 478 4137 nova
499 4061 634 4136 omnia
652 4077 810 4164 expetat
828 4060 872 4133 in
892 4055 1069 4134 editione
1085 4057 1182 4132 scri-
