2646 4824
128 348 209 444 'ron
367 422 369 426 .
433 331 889 436 uorrrmmru‘ulma

131 496 296 569 bernium,
322 493 450 574 Trajani
466 490 639 568 beneficio,
664 514 762 574 quum
782 491 885 562 ἄτεκνος
903 506 1002 568 esset,
1019 494 1070 573 jus
1090 495 1186 553 trium

132 596 305 658 liberorum
329 607 531 669 consecutus,
552 595 702 674 Magister
725 594 955 677 Epistularum,
977 595 1032 656 sed
1057 592 1097 654 ab
1121 597 1186 655 Ha-

133 700 244 760 driano
259 711 397 758 remotus
410 694 450 756 ab
467 695 520 755 illu
537 699 717 777 provincia,
736 697 821 779 quod
836 697 921 779 opud
934 695 1099 771 Sabinam,
1114 719 1188 758 uxo·

131 824 198 864 rem
212 802 432 882 Imperatoris,
448 799 569 880 injussu
585 799 668 879 ejus,
684 814 720 859 ut
733 803 777 860 ait
789 802 986 882 Spartianus,
1001 798 1186 860 familiarius

130 925 164 968 se
179 908 333 986 gessisset.

368 1115 372 1129 ·
413 1111 614 1176 semera
642 1086 892 1178 soeronu.

1170 1208 1181 1243 Ι

169 1329 216 1386 Ex
228 1324 354 1404 scriptis
366 1323 433 1403 ejus
446 1335 583 1382 exstant:
604 1329 633 1380 1⁰
650 1324 681 1384 V
679 1325 726 1382 itae
739 1323 802 1381 XII
815 1324 1045 1405 Imperatorum,
1061 1325 1131 1404 pari
1145 1323 1184 1384 li-

126 1429 267 1491 bertate¹
289 1424 329 1487 ab
351 1447 388 1485 eo
406 1425 586 1506 descript-e,
606 1445 642 1485 ac
663 1428 724 1506 ipsi
743 1427 906 1486 vixerunt:
925 1425 1051 1487 allatii
1065 1427 1186 1488 Caesaris

54 1536 56 1541 '
127 1533 214 1615 (quae
229 1532 320 1590 initio
335 1527 447 1587 mutila
461 1547 528 1586 esse
542 1526 667 1586 videtur
678 1525 841 1603 Turnebo,
857 1531 987 1605 Ursino,
1000 1532 1188 1605 Torrentio⁷

1 1668 2 1675 κ
67 1683 73 1695 .
126 1638 257 1709 Pitisco,
272 1646 303 1693 et
317 1646 389 1691 ante
404 1631 462 1691 hos
474 1630 593 1690 Ludov.
607 1632 693 1706 Vivi,
710 1633 763 1712 qui
777 1634 871 1691 etiam
885 1631 1099 1714 supplementi
1113 1632 1188 1694 loco

127 1716 272 1818 iluaedam
286 1733 324 1793 de
335 1733 417 1793 Julia
430 1745 521 1813 gente
533 1734 727 1814 Caesarisque
737 1734 867 1813 juventa
879 1744 1110 1795 commentatus
1123 1749 1188 1811 est,

127 1858 197 1920 quae
208 1848 379 1897 occurrunt
390 1837 423 1893 in
436 1833 574 1894 editione
586 1835 725 1893 Suetonii
734 1835 933 1894 plantiniana
943 1857 1015 1895 cum
1026 1839 1187 1896 Torrentii

127 1942 210 2001 notis
232 1937 327 2022 ¹574,
348 1942 381 2015 8,
402 1952 433 1998 et
453 1940 486 1997 in
501 1939 586 1997 Vivis
601 1936 750 2018 operibus
771 1952 847 1997 tom.
867 1940 895 2011 l,
917 1943 988 2020 pa'g.
1004 1941 1066 2000 686
1084 1941 1186 2022 seq.),

128 2045 241 2104 Octavii
262 2044 383 2103 Caesaris
405 2042 545 2124 Aupusti,
572 2039 678 2100 Tiberii
700 2043 827 2102 Neronis
850 2042 986 2118 Coesaris,
1010 2043 1041 2102 C.
1064 2043 1187 2104 Coesaris

128 2144 289 2230 Calipaloe,
310 2145 372 2205 Tib.
389 2144 507 2205 Claudii
520 2145 611 2203 Drusi
625 2143 758 2218 Caesarie,
773 2147 900 2204 Neronis
915 2143 1031 2204 Claudii
1047 2146 1187 2221 Caesaris,

127 2250 222 2332 Seruii
234 2247 360 2332 Sulpicii
373 2246 494 2323 Galboe,
510 2247 555 2305 M.
571 2243 666 2306 Salvii
682 2245 822 2323 Othonis,
838 2247 876 2306 A.
894 2245 1020 2324 Vitellii,
1035 2249 1186 2331 utriusque

48 2338 51 2343 ⁴
130 2352 316 2433 Vespasiani,
339 2361 368 2410 et
390 2351 423 2408 T.
445 2347 543 2408 Flavii
562 2349 737 2409 Domitiani.
760 2349 817 2409 Hae
840 2351 912 2409 vitae
936 2352 973 2434 in
993 2347 1184 2432 quibusdam

127 2454 227 2514 Codd.
243 2468 275 2514 et
293 2452 394 2512 Suidae
409 2453 591 2512 testimonio
610 2436 745 2513 in⁴VIII²
763 2451 861 2513 libros
877 2450 1069 2530 tribuuntur,
1088 2461 1184 2536 quam

69 2586 72 2596 ·
128 2558 316 2615 sententiam
335 2556 367 2613 in
383 2574 439 2613 sua
453 2553 591 2613 editione
611 2557 752 2636 sequitur
770 2556 809 2614 Is.
830 2553 1052 2615 Cusaubonus:
1068 2558 1185 2639 nempe

128 2659 185 2731 ite,
201 2671 237 2716 ut
251 2659 372 2738 priores
391 2657 620 2736 Imperatorum
639 2678 692 2717 ser
709 2659 781 2716 vitae
800 2657 939 2737 singulos
956 2656 1055 2718 libros
1071 2655 1187 2740 consti·v
1207 2642 1212 2650 ’

128 2773 233 2834 tuant,
245 2761 316 2818 vitae
334 2756 457 2833 Galbae,
473 2757 623 2833 Othonis,
639 2759 756 2819 Vitellii
773 2762 960 2841 septimum,
977 2760 1189 2844 reliques-tres

101 2923 104 2937 Ι
128 2863 358 2942 Imperatorum
371 2859 409 2920 de
425 2873 516 2941 gente
528 2860 635 2920 Flavia
647 2844 802 2921 oetavum.
819 2864 858 2921 At
868 2862 950 2936 aliis,
968 2877 1003 2923 ut
1014 2864 1058 2924 M.
1069 2865 1189 2926 ‘Zuerio'

128 2963 307 3024 Boxlrornio
322 2978 352 3024 et
368 2965 498 3039 Pitisco,
512 2965 566 3045 qui
579 2984 746 3023 numerum
759 2957 860 3024 Suidae
873 2951 1060 3046 corruptum
1073 2962 1185 3047 putat,

128 3066 259 3147 singulas
271 3068 342 3127 vitae
358 3066 498 3147 singulos
510 3065 609 3126 libros
622 3064 804 3143 absolvunt,
821 3066 935 3149 quibus
948 3071 1040 3150 prseit
1051 3068 1187 3129 Vincen-

28 3160 33 3168 ’
128 3172 189 3229 tius
204 3169 433 3229 Bellovucensis
449 3172 481 3229 in
503 3169 640 3250 Speculo
655 3170 831 3247 Ilistoriali,
854 3174 908 3252 qui
927 3171 1095 3232 duodecim
1110 3174 1187 3234 Sue-

128 3273 208 3331 tonii
224 3270 322 3332 libros
337 3270 454 3331 laudat.
470 3274 542 3332 Non
556 3287 749 3354 praepostere
762 3294 811 3332 res
826 3293 970 3348 narrare,
987 3272 1042 3334 sed
1059 3286 1186 3357 tempo·

128 3395 199 3432 rum
207 3372 342 3435 libenter
352 3371 518 3436 observare
529 3375 683 3452 ordinem,
693 3376 831 3436 ostendit
842 3376 1017 3460 Cardinalis
1030 3379 1187 3454 Norisius,

160 3593 166 3614 ¹
185 3587 251 3631 Hanc
263 3601 276 3630 a
289 3578 441 3630 Tilleniontio
454 3585 479 3629 in
491 3585 579 3632 Hister.
591 3587 761 3648 Imperatorum
774 3599 797 3633 et
809 3586 858 3645 aliis
868 3587 1008 3650 quibusdam
1019 3587 1187 3650 reprehensam

126 3669 190 3702 recte
205 3668 283 3701 tuetur
299 3655 381 3702 BaeIIus
391 3657 416 3700 in
426 3657 501 3702 Lexici
511 3657 566 3702 edit.
578 3658 694 3704 secunde:
707 3659 748 3705 ubi
760 3660 829 3704 etiam
840 3659 955 3717 observat,
969 3659 1138 3723 chronologici
1147 3677 1188 3707 οτι

128 3726 188 3772 dinis
200 3742 306 3773 securum
320 3717 458 3773 Suetonium
471 3729 529 3773 vitas
541 3745 584 3790 per
597 3745 676 3775 rerum
688 3731 764 3792 capita
777 3731 899 3775 maximam
911 3743 1000 3792 partem
1013 3731 1151 3792 digessisse,
1164 3742 1186 3776 et

126 3797 301 3858 dlligentIssime
314 3810 451 3857 annotasse,
469 3814 520 3861 quae
533 3800 656 3856 advitam,
674 3817 764 3859 mores,
782 3800 886 3847 indolem
900 3813 923 3847 et
937 3803 1056 3863 ingenium
1070 3803 1185 3865 cujusque

127 3871 274 3930 Imperatoris
283 3882 388 3931 spectare
397 3872 539 3917 observavit.

160 3948 168 3969 ²
183 3943 261 4004 Lupus
270 3943 432 3999 FerrarIensis,
442 3945 514 4005 Epist.
526 3959 564 4004 91,
575 3946 711 3993 Suetonium
721 3945 750 3990 de
756 3945 803 3991 vita
810 3947 926 3992 Caesarum
935 3943 1026 3995 induor
1035 3960 1081 3992 nee
1090 3959 1184 4006 magnos

128 4013 230 4060 Codices
237 4013 364 4065 divisum·
371 4016 516 4080 Marqusrdo
528 4017 619 4064 abbate
631 4020 692 4065 mitti
705 4017 747 4064 sibi
764 4017 893 4065 desiderat:
912 4017 976 4081 quod
986 4029 1065 4063 tamen
1077 4017 1107 4064 de
1116 4014 1184 4064 velu-

128 4085 388 4148 minIbnscapiendpm,
