2646 4824
129 369 191 416 tun
520 350 782 416 summio

129 495 334 598 gartenius
349 491 625 569 excudendam
642 494 800 570 curavit
815 491 978 571 alteram
999 478 1184 604 Biponti-

130 663 243 733 nam,
258 634 309 711 ad
328 634 577 711 Ernestisuae
595 632 823 740 exemplum¹
839 639 1009 714 maxime
1026 666 1186 744 expres-

129 807 232 874 sam,
250 776 319 856 sed
336 779 604 882 recognitam,
623 780 819 883 novisque
836 783 943 857 curis
959 778 1185 859 felicissime

130 919 396 1016 emendatam,
413 923 466 996 ita
485 938 633 1015 tamen,
647 938 695 996 ut
717 947 765 997 ex
785 920 1131 1030 Oudendorpiana
1146 945 1187 1001 et
1252 951 1255 958 ·

131 1059 338 1139 Wolfiana
371 1059 572 1166 quidquid
604 1057 837 1138 melioribus
870 1063 1076 1143 codicibus
1105 1063 1188 1142 ful-

130 1225 242 1300 tum,
264 1200 328 1280 vel
348 1200 497 1307 linguae
519 1221 558 1277 et
576 1204 700 1309 ipsius
721 1207 894 1283 auctoris
915 1209 1025 1303 usui,
1050 1235 1187 1284 rerum

131 1348 310 1454 denique
327 1348 486 1434 veritati
508 1347 844 1427 accommodatius
870 1350 1093 1449 videretur,
1118 1353 1189 1431 ad-

131 1491 257 1570 deret.
278 1490 421 1595 Neque
437 1487 582 1595 longus
595 1491 673 1568 fuit
689 1494 732 1568 in
752 1495 1046 1593 enumeranda,
1065 1525 1188 1602 quarn

132 1635 355 1740 superiores
381 1631 576 1710 editiones
604 1636 873 1740 copiosissime
899 1635 1185 1735 exhibuerant,

132 1776 316 1856 lectionis
344 1779 551 1877 varietate,
583 1778 650 1854 sed
688 1779 739 1856 de
769 1782 1020 1886 gravioribus
1047 1783 1189 1862 admo-

134 1919 287 2014 nuisse,
304 1914 388 2012 vel,
402 1945 495 2022 quae
516 1945 672 1995 caussas
696 1938 736 1995 et
750 1907 951 2026 originem
973 1926 1096 2000 variae
1117 1924 1190 2002 de-

54 2146 56 2151 ,
134 2061 379 2168 pravationis
408 2058 595 2138 lectorem
626 2061 837 2157 docerent,
862 2092 1193 2145 commemorasse
1224 2074 1228 2086 ’

136 2225 368 2303 contentus,
383 2207 497 2284 brevi
514 2225 668 2282 tantum
688 2206 976 2313 disputatione,
995 2237 1069 2287 cur
1085 2210 1193 2287 hanc

136 2346 200 2424 vel
224 2346 333 2425 illam
355 2324 550 2425 rationem
575 2344 838 2454 praetulisset,
864 2342 1064 2455 exposuit3
1086 2354 1196 2428 inter

138 2488 371 2596 eligendum
391 2493 491 2566 mira
509 2490 689 2595 profecto
706 2517 781 2566 nec
801 2494 1026 2569 intermissa
1045 2490 1195 2569 ductus

139 2633 369 2736 sagacitate,
395 2650 442 2706 ut
464 2628 752 2736 quodcumque
774 2629 929 2707 bonurn
953 2650 1195 2737 rectumque

42 2784 45 2795 '
136 2769 396 2878 judicaverit,
415 2770 456 2846 id
468 2772 667 2877 optimum
681 2774 830 2875 cuique
846 2747 1197 2879 rectissimumque

139 2915 257 2994 facile
271 2915 397 2994 videri
406 2915 568 2993 debeat.
585 2915 647 2991 Ad
664 2943 737 2992 nos
754 2934 888 2992 autem
904 2917 1014 3022 quod
1029 2921 1196 3016 attinet,

139 3063 338 3136 minutam
356 3062 399 3134 in
417 3060 613 3164 scriptura
630 3061 1042 3165 interpunctioneque
1059 3088 1198 3137 emen-

140 3200 273 3279 danda
301 3200 561 3278 adhibuimus
584 3200 864 3297 sedulitatem,
892 3198 997 3278 liber
1017 3201 1197 3306 denique

140 3372 193 3422 ne
215 3346 323 3420 vitiis
341 3341 630 3441 macularetur,
649 3374 741 3449 quae
760 3341 1002 3450 negligentia
1019 3347 1196 3450 peperit,

140 3489 184 3563 in
203 3513 323 3593 opere
337 3505 421 3563 toto
440 3483 743 3592 diligentissime
759 3487 951 3563 cavimus.
973 3486 1135 3589 Neque,
1164 3488 1198 3562 si

141 3629 377 3707 nominibus
400 3629 642 3735 quibusdam
668 3628 804 3706 debita
821 3626 938 3735 plura
959 3626 1089 3705 videri
1107 3656 1197 3734 pos-

140 3794 247 3872 sent,
268 3777 311 3850 in
325 3774 403 3851 hoc
417 3794 488 3851 eut
502 3772 811 3850 detrectavimus
826 3769 1028 3868 officium,
1047 3791 1119 3847 aut
1131 3773 1198 3846 in-

132 3887 297 3993 curiose
327 3917 447 3992 nimis
475 3942 560 3991 rem
596 3933 771 3990 nostram
804 3914 968 4018 egimus.
1003 3907 1199 4015 Exemplo

138 4077 281 4154 erunt,
294 4053 803 4163 quasadJul.Caesaremet
816 4030 1197 4166 Octav.Augustum
