<?xml version="1.0" encoding="UTF-8"?>
<!DOCTYPE html PUBLIC "-//W3C//DTD XHTML 1.0 Transitional//EN"
    "http://www.w3.org/TR/xhtml1/DTD/xhtml1-transitional.dtd">
<html xmlns="http://www.w3.org/1999/xhtml" xml:lang="en" lang="en">
 <head>
  <title>
</title>
<meta http-equiv="Content-Type" content="text/html;charset=utf-8" />
  <meta name='ocr-system' content='tesseract 3.04.00' />
  <meta name='ocr-capabilities' content='ocr_page ocr_carea ocr_par ocr_line ocrx_word'/>
</head>
<body>
  <div class='ocr_page' id='page_1' title='image "bibliothecaclas26lemagoog_0019.png"; bbox 0 0 2646 4824; ppageno 0'>
   <div class='ocr_carea' id='block_1_1' title="bbox 228 356 891 426">
    <p class='ocr_par' dir='ltr' id='par_1_1' title="bbox 228 356 891 426">
     <span class='ocr_line' id='line_1_1' title="bbox 228 356 891 426; baseline 0.014 -9"><span class='ocrx_word' id='word_1_1' title='bbox 228 373 252 417; x_wconf 88' lang='lat' dir='ltr'><strong>n</strong></span> <span class='ocrx_word' id='word_1_2' title='bbox 623 356 891 426; x_wconf 77' lang='lat' dir='ltr'><strong>PRAEFATIO</strong></span> 
     </span>
    </p>
   </div>
   <div class='ocr_carea' id='block_1_2' title="bbox 159 500 1284 2343">
    <p class='ocr_par' dir='ltr' id='par_1_2' title="bbox 223 500 1284 750">
     <span class='ocr_line' id='line_1_2' title="bbox 225 500 1284 624; baseline 0.019 -50"><span class='ocrx_word' id='word_1_3' title='bbox 225 500 282 576; x_wconf 87' lang='lat' dir='ltr'><strong>tio</strong></span> <span class='ocrx_word' id='word_1_4' title='bbox 300 501 498 594; x_wconf 87' lang='lat' dir='ltr'><strong>materiae,</strong></span> <span class='ocrx_word' id='word_1_5' title='bbox 524 529 647 604; x_wconf 90' lang='lat' dir='ltr'><strong>quam</strong></span> <span class='ocrx_word' id='word_1_6' title='bbox 672 502 965 583; x_wconf 89' lang='lat' dir='ltr'><strong>eruditissimus</strong></span> <span class='ocrx_word' id='word_1_7' title='bbox 990 513 1160 618; x_wconf 87' lang='lat' dir='ltr'><strong>scriptor</strong></span> <span class='ocrx_word' id='word_1_8' title='bbox 1185 543 1284 624; x_wconf 90' lang='lat' dir='ltr'><strong>sup-</strong></span> 
     </span>
     <span class='ocr_line' id='line_1_3' title="bbox 223 639 1282 750; baseline 0.017 -34"><span class='ocrx_word' id='word_1_9' title='bbox 223 639 444 746; x_wconf 86' lang='lat' dir='ltr'><strong>peditabat,</strong></span> <span class='ocrx_word' id='word_1_10' title='bbox 465 643 671 747; x_wconf 77' lang='lat' dir='ltr'><strong>egregium</strong></span> <span class='ocrx_word' id='word_1_11' title='bbox 691 642 988 750; x_wconf 83' lang='lat' dir='ltr'><strong>explanatorem</strong></span> <span class='ocrx_word' id='word_1_12' title='bbox 1009 651 1282 734; x_wconf 91' lang='lat' dir='ltr'><strong>reddiderant.</strong></span> 
     </span>
    </p>

    <p class='ocr_par' dir='ltr' id='par_1_3' title="bbox 159 781 1281 2007">
     <span class='ocr_line' id='line_1_4' title="bbox 277 781 1280 902; baseline 0.017 -42"><span class='ocrx_word' id='word_1_13' title='bbox 277 785 407 861; x_wconf 91' lang='lat' dir='ltr'><strong>Immo</strong></span> <span class='ocrx_word' id='word_1_14' title='bbox 428 781 530 861; x_wconf 91' lang='lat' dir='ltr'><strong>illud</strong></span> <span class='ocrx_word' id='word_1_15' title='bbox 547 787 667 861; x_wconf 90' lang='lat' dir='ltr'><strong>etiam</strong></span> <span class='ocrx_word' id='word_1_16' title='bbox 688 787 871 864; x_wconf 89' lang='lat' dir='ltr'><strong>animum</strong></span> <span class='ocrx_word' id='word_1_17' title='bbox 895 794 1020 867; x_wconf 86' lang='lat' dir='ltr'><strong>erexit</strong></span> <span class='ocrx_word' id='word_1_18' title='bbox 1043 814 1164 902; x_wconf 88' lang='lat' dir='ltr'><strong>atque</strong></span> <span class='ocrx_word' id='word_1_19' title='bbox 1178 827 1280 876; x_wconf 91' lang='lat' dir='ltr'><strong>con-</strong></span> 
     </span>
     <span class='ocr_line' id='line_1_5' title="bbox 222 923 1281 1032; baseline 0.016 -30"><span class='ocrx_word' id='word_1_20' title='bbox 222 923 416 1025; x_wconf 88' lang='lat' dir='ltr'><strong>firmavit,</strong></span> <span class='ocrx_word' id='word_1_21' title='bbox 449 926 559 1032; x_wconf 90' lang='lat' dir='ltr'><strong>quod</strong></span> <span class='ocrx_word' id='word_1_22' title='bbox 585 956 737 1006; x_wconf 86' lang='lat' dir='ltr'><strong>novum</strong></span> <span class='ocrx_word' id='word_1_23' title='bbox 760 930 876 1007; x_wconf 91' lang='lat' dir='ltr'><strong>nobis</strong></span> <span class='ocrx_word' id='word_1_24' title='bbox 900 932 1125 1014; x_wconf 85' lang='lat' dir='ltr'>subsidium</span> <span class='ocrx_word' id='word_1_25' title='bbox 1149 943 1281 1018; x_wconf 91' lang='lat' dir='ltr'><strong>conti-</strong></span> 
     </span>
     <span class='ocr_line' id='line_1_6' title="bbox 218 1068 1280 1175; baseline 0.016 -32"><span class='ocrx_word' id='word_1_26' title='bbox 218 1071 295 1175; x_wconf 84' lang='lat' dir='ltr'><strong>git,</strong></span> <span class='ocrx_word' id='word_1_27' title='bbox 317 1070 427 1149; x_wconf 88' lang='lat' dir='ltr'><strong>unde</strong></span> <span class='ocrx_word' id='word_1_28' title='bbox 449 1068 694 1175; x_wconf 79' lang='lat' dir='ltr'>singularem</span> <span class='ocrx_word' id='word_1_29' title='bbox 712 1073 808 1151; x_wconf 87' lang='lat' dir='ltr'><strong>huic</strong></span> <span class='ocrx_word' id='word_1_30' title='bbox 831 1073 998 1152; x_wconf 91' lang='lat' dir='ltr'><strong>editioni</strong></span> <span class='ocrx_word' id='word_1_31' title='bbox 1023 1082 1280 1159; x_wconf 89' lang='lat' dir='ltr'><strong>commenda-</strong></span> 
     </span>
     <span class='ocr_line' id='line_1_7' title="bbox 217 1214 1280 1322; baseline 0.018 -37"><span class='ocrx_word' id='word_1_32' title='bbox 217 1214 369 1289; x_wconf 85' lang='lat' dir='ltr'>tionem</span> <span class='ocrx_word' id='word_1_33' title='bbox 393 1241 640 1292; x_wconf 82' lang='lat' dir='ltr'><strong>accessuram</strong></span> <span class='ocrx_word' id='word_1_34' title='bbox 661 1216 948 1322; x_wconf 62' lang='lat' dir='ltr'><strong>judicaremus·</strong></span> <span class='ocrx_word' id='word_1_35' title='bbox 979 1219 1140 1301; x_wconf 87' lang='lat' dir='ltr'><strong>Etenim</strong></span> <span class='ocrx_word' id='word_1_36' title='bbox 1167 1225 1280 1303; x_wconf 89' lang='lat' dir='ltr'><strong>codi-</strong></span> 
     </span>
     <span class='ocr_line' id='line_1_8' title="bbox 215 1353 1275 1463; baseline 0.012 -34"><span class='ocrx_word' id='word_1_37' title='bbox 215 1353 444 1462; x_wconf 54' lang='lat' dir='ltr'><strong>cemjmanu</strong></span> <span class='ocrx_word' id='word_1_38' title='bbox 460 1375 684 1454; x_wconf 87' lang='lat' dir='ltr'><strong>exaratum,</strong></span> <span class='ocrx_word' id='word_1_39' title='bbox 700 1386 722 1433; x_wconf 93' lang='lat' dir='ltr'><strong>a</strong></span> <span class='ocrx_word' id='word_1_40' title='bbox 742 1360 906 1435; x_wconf 90' lang='lat' dir='ltr'><strong>nemine</strong></span> <span class='ocrx_word' id='word_1_41' title='bbox 926 1378 1043 1436; x_wconf 91' lang='lat' dir='ltr'><strong>antea</strong></span> <span class='ocrx_word' id='word_1_42' title='bbox 1064 1361 1275 1463; x_wconf 84' lang='lat' dir='ltr'><strong>collatum,</strong></span> 
     </span>
     <span class='ocr_line' id='line_1_9' title="bbox 159 1501 1274 1607; baseline 0.011 -34"><span class='ocrx_word' id='word_1_43' title='bbox 159 1554 167 1573; x_wconf 92' lang='lat'><strong><em>.</em></strong></span> <span class='ocrx_word' id='word_1_44' title='bbox 214 1525 337 1602; x_wconf 89' lang='lat' dir='ltr'><strong>quem</strong></span> <span class='ocrx_word' id='word_1_45' title='bbox 354 1501 647 1605; x_wconf 86' lang='lat' dir='ltr'><strong>pretiosissimae</strong></span> <span class='ocrx_word' id='word_1_46' title='bbox 666 1529 800 1607; x_wconf 90' lang='lat' dir='ltr'><strong>neque</strong></span> <span class='ocrx_word' id='word_1_47' title='bbox 820 1501 919 1578; x_wconf 92' lang='lat' dir='ltr'><strong>dum</strong></span> <span class='ocrx_word' id='word_1_48' title='bbox 940 1505 981 1578; x_wconf 93' lang='lat' dir='ltr'><strong>in</strong></span> <span class='ocrx_word' id='word_1_49' title='bbox 999 1501 1132 1582; x_wconf 90' lang='lat' dir='ltr'><strong>lucem</strong></span> <span class='ocrx_word' id='word_1_50' title='bbox 1154 1508 1274 1586; x_wconf 84' lang='lat' dir='ltr'><strong>editae</strong></span> 
     </span>
     <span class='ocr_line' id='line_1_10' title="bbox 213 1638 1272 1749; baseline 0.008 -33"><span class='ocrx_word' id='word_1_51' title='bbox 213 1638 420 1716; x_wconf 84' lang='lat' dir='ltr'><strong>clarissimi</strong></span> <span class='ocrx_word' id='word_1_52' title='bbox 436 1641 694 1748; x_wconf 77' lang='lat' dir='ltr'><strong>Wesselingii</strong></span> <span class='ocrx_word' id='word_1_53' title='bbox 707 1645 986 1721; x_wconf 83' lang='lat' dir='ltr'><strong>annotationes</strong></span> <span class='ocrx_word' id='word_1_54' title='bbox 998 1642 1272 1749; x_wconf 79' lang='lat' dir='ltr'><strong>illustrabant,</strong></span> 
     </span>
     <span class='ocr_line' id='line_1_11' title="bbox 212 1785 1271 1894; baseline 0.008 -33"><span class='ocrx_word' id='word_1_55' title='bbox 212 1813 259 1861; x_wconf 85' lang='lat' dir='ltr'><strong>ex</strong></span> <span class='ocrx_word' id='word_1_56' title='bbox 272 1785 434 1863; x_wconf 89' lang='lat' dir='ltr'><strong>Batavia</strong></span> <span class='ocrx_word' id='word_1_57' title='bbox 449 1816 532 1864; x_wconf 92' lang='lat' dir='ltr'><strong>non</strong></span> <span class='ocrx_word' id='word_1_58' title='bbox 553 1787 745 1866; x_wconf 89' lang='lat' dir='ltr'><strong>mediocri</strong></span> <span class='ocrx_word' id='word_1_59' title='bbox 759 1789 932 1894; x_wconf 91' lang='lat' dir='ltr'><strong>pecunia</strong></span> <span class='ocrx_word' id='word_1_60' title='bbox 950 1793 1208 1886; x_wconf 85' lang='lat' dir='ltr'><strong>accersitum,</strong></span> <span class='ocrx_word' id='word_1_61' title='bbox 1225 1795 1271 1870; x_wconf 92' lang='lat' dir='ltr'><strong>in</strong></span> 
     </span>
     <span class='ocr_line' id='line_1_12' title="bbox 211 1927 994 2007; baseline 0.006 -5"><span class='ocrx_word' id='word_1_62' title='bbox 211 1929 521 2006; x_wconf 89' lang='lat' dir='ltr'><strong>commentando</strong></span> <span class='ocrx_word' id='word_1_63' title='bbox 535 1927 706 2007; x_wconf 85' lang='lat' dir='ltr'><strong>feliciter</strong></span> <span class='ocrx_word' id='word_1_64' title='bbox 721 1928 994 2007; x_wconf 89' lang='lat' dir='ltr'><strong>adhibuimus.</strong></span> 
     </span>
    </p>

    <p class='ocr_par' dir='ltr' id='par_1_4' title="bbox 209 2071 1271 2321">
     <span class='ocr_line' id='line_1_13' title="bbox 252 2071 1271 2196; baseline 0.009 -52.098"><span class='ocrx_word' id='word_1_65' title='bbox 252 2071 433 2196; x_wconf 77' lang='lat' dir='ltr'><strong>ltaque,</strong></span> <span class='ocrx_word' id='word_1_66' title='bbox 450 2091 693 2196; x_wconf 58' lang='lat' dir='ltr'><strong>,praeeuntem</strong></span> <span class='ocrx_word' id='word_1_67' title='bbox 700 2091 739 2148; x_wconf 90' lang='lat' dir='ltr'><strong>et</strong></span> <span class='ocrx_word' id='word_1_68' title='bbox 767 2074 872 2150; x_wconf 86' lang='lat' dir='ltr'><strong>viam</strong></span> <span class='ocrx_word' id='word_1_69' title='bbox 901 2091 1149 2150; x_wconf 88' lang='lat' dir='ltr'><strong>monstrante</strong></span> <span class='ocrx_word' id='word_1_70' title='bbox 1182 2077 1271 2180; x_wconf 89' lang='lat' dir='ltr'><strong>ipso</strong></span> 
     </span>
     <span class='ocr_line' id='line_1_14' title="bbox 209 2176 1270 2343; baseline 0.007 -57"><span class='ocrx_word' id='word_1_71' title='bbox 209 2198 543 2335; x_wconf 66' lang='lat' dir='ltr'><strong>Baumgartemo,</strong></span> <span class='ocrx_word' id='word_1_72' title='bbox 547 2176 703 2343; x_wconf 66' lang='lat' dir='ltr'><strong>&#39;adrem</strong></span> <span class='ocrx_word' id='word_1_73' title='bbox 723 2215 978 2309; x_wconf 84' lang='lat' dir='ltr'><strong>accessimus,</strong></span> <span class='ocrx_word' id='word_1_74' title='bbox 998 2213 1090 2291; x_wconf 80' lang='lat' dir='ltr'><strong>«his</strong></span> <span class='ocrx_word' id='word_1_75' title='bbox 1109 2218 1270 2321; x_wconf 89' lang='lat' dir='ltr'><strong>potissi-</strong></span> 
     </span>
    </p>
   </div>
   <div class='ocr_carea' id='block_1_3' title="bbox 213 2325 1271 2478">
    <p class='ocr_par' dir='ltr' id='par_1_5' title="bbox 213 2325 1271 2478">
     <span class='ocr_line' id='line_1_15' title="bbox 213 2325 1271 2478; baseline 0.009 -54"><span class='ocrx_word' id='word_1_76' title='bbox 213 2383 231 2424; x_wconf 81' lang='lat'>«</span> <span class='ocrx_word' id='word_1_77' title='bbox 243 2378 354 2427; x_wconf 92' lang='lat' dir='ltr'><strong>mum</strong></span> <span class='ocrx_word' id='word_1_78' title='bbox 351 2324 633 2478; x_wconf 68' lang='lat' dir='ltr'><strong>leglbnsoon</strong></span> <span class='ocrx_word' id='word_1_79' title='bbox 635 2356 778 2450; x_wconf 86' lang='lat' dir='ltr'><strong>titutis,</strong></span> <span class='ocrx_word' id='word_1_80' title='bbox 791 2373 838 2430; x_wconf 92' lang='lat' dir='ltr'><strong>ut</strong></span> <span class='ocrx_word' id='word_1_81' title='bbox 850 2371 1002 2429; x_wconf 81' lang='lat' dir='ltr'><strong>textum</strong></span> <span class='ocrx_word' id='word_1_82' title='bbox 1016 2353 1066 2429; x_wconf 91' lang='lat' dir='ltr'><strong>ad</strong></span> <span class='ocrx_word' id='word_1_83' title='bbox 1078 2375 1271 2460; x_wconf 89' lang='lat' dir='ltr'><strong>praestan·</strong></span> 
     </span>
    </p>
   </div>
   <div class='ocr_carea' id='block_1_4' title="bbox 149 2486 1270 4167">
    <p class='ocr_par' dir='ltr' id='par_1_6' title="bbox 149 2486 1270 4167">
     <span class='ocr_line' id='line_1_16' title="bbox 212 2486 1267 2603; baseline 0.009 -36"><span class='ocrx_word' id='word_1_84' title='bbox 212 2497 484 2614; x_wconf 67' lang='lat' dir='ltr'><strong>‹ttissimattun</strong></span> <span class='ocrx_word' id='word_1_85' title='bbox 495 2486 720 2603; x_wconf 65' lang='lat' dir='ltr'><strong>editionum</strong></span> <span class='ocrx_word' id='word_1_86' title='bbox 730 2495 1267 2602; x_wconf 75' lang='lat' dir='ltr'><strong>fidemcriticumquetprem</strong></span> 
     </span>
     <span class='ocr_line' id='line_1_17' title="bbox 211 2601 1267 2745; baseline 0.01 -39"><span class='ocrx_word' id='word_1_87' title='bbox 211 2667 238 2706; x_wconf 75' lang='lat' dir='ltr'><strong>a</strong></span> <span class='ocrx_word' id='word_1_88' title='bbox 233 2601 487 2740; x_wconf 70' lang='grc' dir='ltr'>]θΧΙ]ΙΙ)όῐΙῑ’</span> <span class='ocrx_word' id='word_1_89' title='bbox 434 2606 710 2745; x_wconf 78' lang='lat' dir='ltr'><strong>apparatum,</strong></span> <span class='ocrx_word' id='word_1_90' title='bbox 739 2666 862 2743; x_wconf 90' lang='lat' dir='ltr'><strong>quam</strong></span> <span class='ocrx_word' id='word_1_91' title='bbox 886 2638 1101 2713; x_wconf 89' lang='lat' dir='ltr'><strong>castissime</strong></span> <span class='ocrx_word' id='word_1_92' title='bbox 1123 2666 1267 2744; x_wconf 86' lang='lat' dir='ltr'><strong>posse-</strong></span> 
     </span>
     <span class='ocr_line' id='line_1_18' title="bbox 212 2777 1268 2884; baseline 0.005 -32"><span class='ocrx_word' id='word_1_93' title='bbox 212 2811 230 2852; x_wconf 77' lang='lat' dir='ltr'><strong>a</strong></span> <span class='ocrx_word' id='word_1_94' title='bbox 241 2809 348 2878; x_wconf 84' lang='lat' dir='ltr'><strong>mus,</strong></span> <span class='ocrx_word' id='word_1_95' title='bbox 362 2781 615 2858; x_wconf 90' lang='lat' dir='ltr'><strong>reddendum</strong></span> <span class='ocrx_word' id='word_1_96' title='bbox 629 2788 874 2858; x_wconf 81' lang='lat' dir='ltr'><strong>curaremus.</strong></span> <span class='ocrx_word' id='word_1_97' title='bbox 887 2811 905 2852; x_wconf 80' lang='lat' dir='ltr'><strong>a</strong></span> <span class='ocrx_word' id='word_1_98' title='bbox 923 2777 1001 2855; x_wconf 89' lang='lat' dir='ltr'><strong>Sed</strong></span> <span class='ocrx_word' id='word_1_99' title='bbox 1013 2781 1109 2884; x_wconf 92' lang='lat' dir='ltr'><strong>quia</strong></span> <span class='ocrx_word' id='word_1_100' title='bbox 1121 2778 1268 2858; x_wconf 89' lang='lat' dir='ltr'><strong>maluit</strong></span> 
     </span>
     <span class='ocr_line' id='line_1_19' title="bbox 208 2918 1266 3032; baseline -0.001 -32"><span class='ocrx_word' id='word_1_101' title='bbox 208 2918 359 3019; x_wconf 86' lang='lat' dir='ltr'><strong>editor,</strong></span> <span class='ocrx_word' id='word_1_102' title='bbox 392 2927 642 3031; x_wconf 89' lang='lat' dir='ltr'><strong>antiquitatis</strong></span> <span class='ocrx_word' id='word_1_103' title='bbox 673 2926 950 3032; x_wconf 88' lang='lat' dir='ltr'><strong>peritissimus,—</strong></span> <span class='ocrx_word' id='word_1_104' title='bbox 986 2926 1266 3013; x_wconf 86' lang='lat' dir='ltr'><strong>commentarii</strong></span> 
     </span>
     <span class='ocr_line' id='line_1_20' title="bbox 149 3063 1265 3177; baseline 0.003 -38"><span class='ocrx_word' id='word_1_105' title='bbox 149 3093 151 3096; x_wconf 89' lang='lat'>·</span> <span class='ocrx_word' id='word_1_106' title='bbox 206 3063 341 3158; x_wconf 88' lang='lat' dir='ltr'><strong>locum</strong></span> <span class='ocrx_word' id='word_1_107' title='bbox 357 3064 533 3143; x_wconf 86' lang='lat' dir='ltr'><strong>historiae</strong></span> <span class='ocrx_word' id='word_1_108' title='bbox 548 3069 624 3174; x_wconf 93' lang='lat' dir='ltr'><strong>ipsi</strong></span> <span class='ocrx_word' id='word_1_109' title='bbox 639 3086 678 3144; x_wconf 93' lang='lat' dir='ltr'><strong>et</strong></span> <span class='ocrx_word' id='word_1_110' title='bbox 690 3065 861 3177; x_wconf 86' lang='lat' dir='ltr'><strong>aliorum</strong></span> <span class='ocrx_word' id='word_1_111' title='bbox 876 3066 1132 3172; x_wconf 90' lang='lat' dir='ltr'><strong>scriptorum,</strong></span> <span class='ocrx_word' id='word_1_112' title='bbox 1148 3064 1265 3142; x_wconf 86' lang='lat' dir='ltr'><strong>Grae·</strong></span> 
     </span>
     <span class='ocr_line' id='line_1_21' title="bbox 207 3207 1265 3317; baseline 0 -33"><span class='ocrx_word' id='word_1_113' title='bbox 207 3235 347 3285; x_wconf 89' lang='lat' dir='ltr'><strong>corum</strong></span> <span class='ocrx_word' id='word_1_114' title='bbox 366 3207 623 3317; x_wconf 88' lang='lat' dir='ltr'><strong>plerumque,</strong></span> <span class='ocrx_word' id='word_1_115' title='bbox 640 3211 914 3288; x_wconf 86' lang='lat' dir='ltr'><strong>monumentis</strong></span> <span class='ocrx_word' id='word_1_116' title='bbox 937 3207 1157 3304; x_wconf 89' lang='lat' dir='ltr'><strong>destinare,</strong></span> <span class='ocrx_word' id='word_1_117' title='bbox 1178 3235 1265 3286; x_wconf 92' lang='lat' dir='ltr'><strong>non</strong></span> 
     </span>
     <span class='ocr_line' id='line_1_22' title="bbox 206 3346 1270 3459; baseline 0 -33"><span class='ocrx_word' id='word_1_118' title='bbox 206 3349 378 3428; x_wconf 90' lang='lat' dir='ltr'><strong>illumin</strong></span> <span class='ocrx_word' id='word_1_119' title='bbox 394 3353 471 3430; x_wconf 91' lang='lat' dir='ltr'><strong>hoc</strong></span> <span class='ocrx_word' id='word_1_120' title='bbox 490 3355 673 3459; x_wconf 89' lang='lat' dir='ltr'><strong>sequuti,</strong></span> <span class='ocrx_word' id='word_1_121' title='bbox 693 3354 849 3458; x_wconf 78' lang='lat' dir='ltr'><strong>integra</strong></span> <span class='ocrx_word' id='word_1_122' title='bbox 866 3368 1077 3427; x_wconf 90' lang='lat' dir='ltr'><strong>auctorum</strong></span> <span class='ocrx_word' id='word_1_123' title='bbox 1092 3346 1179 3425; x_wconf 91' lang='lat' dir='ltr'><strong>loca</strong></span> <span class='ocrx_word' id='word_1_124' title='bbox 1200 3377 1270 3426; x_wconf 90' lang='lat' dir='ltr'><strong>su-</strong></span> 
     </span>
     <span class='ocr_line' id='line_1_23' title="bbox 205 3492 1266 3604; baseline -0.002 -32"><span class='ocrx_word' id='word_1_125' title='bbox 205 3496 454 3604; x_wconf 88' lang='lat' dir='ltr'><strong>persedimus</strong></span> <span class='ocrx_word' id='word_1_126' title='bbox 471 3496 694 3574; x_wconf 87' lang='lat' dir='ltr'><strong>exscribere</strong></span> <span class='ocrx_word' id='word_1_127' title='bbox 715 3527 723 3573; x_wconf 92' lang='lat'>:</span> <span class='ocrx_word' id='word_1_128' title='bbox 744 3499 971 3602; x_wconf 85' lang='lat' dir='ltr'><strong>scriptores,</strong></span> <span class='ocrx_word' id='word_1_129' title='bbox 993 3492 1118 3570; x_wconf 90' lang='lat' dir='ltr'><strong>libros</strong></span> <span class='ocrx_word' id='word_1_130' title='bbox 1140 3511 1266 3598; x_wconf 86' lang='lat' dir='ltr'><strong>atque</strong></span> 
     </span>
     <span class='ocr_line' id='line_1_24' title="bbox 204 3634 1264 3746; baseline -0.002 -31"><span class='ocrx_word' id='word_1_131' title='bbox 204 3640 388 3744; x_wconf 75' lang='lat' dir='ltr'><strong>paginas,</strong></span> <span class='ocrx_word' id='word_1_132' title='bbox 410 3639 545 3744; x_wconf 81' lang='lat' dir='ltr'><strong>quoad</strong></span> <span class='ocrx_word' id='word_1_133' title='bbox 567 3641 653 3746; x_wconf 87' lang='lat' dir='ltr'><strong>ejus</strong></span> <span class='ocrx_word' id='word_1_134' title='bbox 672 3635 761 3714; x_wconf 90' lang='lat' dir='ltr'><strong>fieri</strong></span> <span class='ocrx_word' id='word_1_135' title='bbox 784 3656 961 3744; x_wconf 87' lang='lat' dir='ltr'><strong>poterat,</strong></span> <span class='ocrx_word' id='word_1_136' title='bbox 980 3634 1264 3713; x_wconf 76' lang='lat' dir='ltr'><strong>indicavimus,</strong></span> 
     </span>
     <span class='ocr_line' id='line_1_25' title="bbox 206 3775 1263 3885; baseline -0.003 -31"><span class='ocrx_word' id='word_1_137' title='bbox 206 3779 389 3884; x_wconf 88' lang='lat' dir='ltr'><strong>Spatium</strong></span> <span class='ocrx_word' id='word_1_138' title='bbox 410 3799 565 3879; x_wconf 88' lang='lat' dir='ltr'><strong>autem,</strong></span> <span class='ocrx_word' id='word_1_139' title='bbox 580 3778 690 3885; x_wconf 91' lang='lat' dir='ltr'><strong>quod</strong></span> <span class='ocrx_word' id='word_1_140' title='bbox 711 3781 924 3856; x_wconf 90' lang='lat' dir='ltr'><strong>omissione</strong></span> <span class='ocrx_word' id='word_1_141' title='bbox 936 3794 995 3853; x_wconf 93' lang='lat' dir='ltr'><strong>tot</strong></span> <span class='ocrx_word' id='word_1_142' title='bbox 1013 3775 1263 3879; x_wconf 77' lang='lat' dir='ltr'><strong>fragmento·</strong></span> 
     </span>
     <span class='ocr_line' id='line_1_26' title="bbox 206 3913 1264 4022; baseline -0.004 -28"><span class='ocrx_word' id='word_1_143' title='bbox 206 3949 294 3995; x_wconf 89' lang='lat' dir='ltr'><strong>rum</strong></span> <span class='ocrx_word' id='word_1_144' title='bbox 319 3919 499 4022; x_wconf 84' lang='lat' dir='ltr'><strong>vacabat,</strong></span> <span class='ocrx_word' id='word_1_145' title='bbox 523 3921 627 3997; x_wconf 90' lang='lat' dir='ltr'><strong>notis</strong></span> <span class='ocrx_word' id='word_1_146' title='bbox 647 3916 990 4012; x_wconf 83' lang='lat' dir='ltr'><strong>luculentissimis,</strong></span> <span class='ocrx_word' id='word_1_147' title='bbox 1013 3942 1034 3990; x_wconf 92' lang='lat' dir='ltr'><strong>e</strong></span> <span class='ocrx_word' id='word_1_148' title='bbox 1055 3913 1264 3990; x_wconf 89' lang='lat' dir='ltr'><strong>Casaubo-</strong></span> 
     </span>
     <span class='ocr_line' id='line_1_27' title="bbox 207 4053 1265 4167; baseline -0.009 -26"><span class='ocrx_word' id='word_1_149' title='bbox 207 4065 532 4162; x_wconf 85' lang='lat' dir='ltr'><strong>no,Burmanno,</strong></span> <span class='ocrx_word' id='word_1_150' title='bbox 548 4062 948 4167; x_wconf 17' lang='lat' dir='ltr'><strong>EgnatioAErnesti-o,</strong></span> <span class='ocrx_word' id='word_1_151' title='bbox 969 4053 1134 4152; x_wconf 85' lang='lat' dir='ltr'><strong>Wolfio,</strong></span> <span class='ocrx_word' id='word_1_152' title='bbox 1153 4084 1265 4161; x_wconf 85' lang='lat' dir='ltr'><strong>eque</strong></span> 
     </span>
    </p>
   </div>
   <div class='ocr_carea' id='block_1_5' title="bbox 0 0 1328 4824">
    <p class='ocr_par' dir='ltr' id='par_1_7' title="bbox 0 0 1328 4824">
     <span class='ocr_line' id='line_1_28' title="bbox 0 0 1328 4824; baseline 0 6"><span class='ocrx_word' id='word_1_153' title='bbox 0 0 1328 4824; x_wconf 95' lang='lat' dir='ltr'><strong> </strong></span> 
     </span>
    </p>
   </div>
  </div>
 </body>
</html>
