2646 4824
190 364 319 432 imm
434 347 1000 432 nuouusus'nmriouuu

234 489 319 551 1565.
335 490 369 550 C.
385 488 524 549 Suetonii
538 491 652 571 Tranq.
668 489 815 565 Caesares,
831 504 887 550 etc.
901 491 1064 571 Lugduni,
1078 511 1127 573 ap.
1142 474 1253 551 hored}

191 584 334 670 Gryphii.
351 588 380 648 8.

229 719 268 731 -
281 685 368 744 Libri
381 685 412 744 ll
432 684 472 745 de
488 684 659 745 illustribus
671 687 887 747 Grammaticis
899 699 929 748 et
940 688 1030 747 claris
1039 682 1254 763 Rhetoribus,

189 800 263 866 cum
277 782 402 844 Achillis
418 783 504 844 Statii
519 784 661 844 Lusitani
681 789 950 847 commentatione.
969 788 1094 861 Romae,
1115 808 1151 846 ex
1164 786 1248 846 offic.

189 879 280 941 Vinc.¹
295 880 454 942 Lucchini.
468 883 496 943 8.
509 916 548 926 ·-
560 882 752 963 Hamberger
762 885 797 943 T.
810 885 855 961 11,
868 906 898 965 p.
912 887 980 964 289.
1008 913 1011 921 .

234 979 319 1060 1567.
334 978 368 1040 C.
380 979 520 1039 Suetonii
532 982 647 1061 Tranq.
661 981 734 1040 libri
747 982 775 1041 ll
788 983 826 1042 de
845 984 1014 1043 illustribus
1027 984 1245 1043 Grammaticis

189 1087 220 1136 et
232 1074 323 1136 claris
337 1075 544 1154 Rhetoribus,
559 1098 631 1137 cum
645 1076 772 1139 Achillis
788 1081 875 1140 Statii
890 1083 1150 1142 commentatione
1163 1080 1251 1141 falso

189 1193 290 1256 nuper
307 1173 454 1260 Lugduni
474 1174 523 1234 Jo.
543 1175 632 1256 Bapt.
652 1176 779 1255 Egnatii
797 1178 925 1241 nomine
943 1180 1091 1262 inscripta
1109 1193 1139 1240 et
1155 1177 1246 1237 edita.

188 1266 289 1332 Lutet.
303 1271 386 1352 apud
398 1269 471 1331 Fed.
484 1270 660 1333 Morellum.
678 1276 707 1334 8.
719 1307 758 1320 -
770 1275 870 1336 Maitt.
880 1279 915 1336 T.
928 1277 989 1352 ΙΙΙ,
1005 1299 1036 1358 p.
1052 1277 1120 1360 740.
1135 1277 1172 1335 ln
1187 1277 1248 1336 Ca·

188 1369 295 1452 talogo
308 1370 385 1432 Bibl.
398 1369 622 1432 Emtincliianae
635 1372 718 1433 Part.
731 1375 790 1450 ΙΙΙ,
805 1396 837 1435 n.
852 1377 928 1459 732,
942 1378 1020 1436 etin
1033 1376 1112 1435 Bibl.
1125 1378 1254 1436 Bunav.

189 1466 256 1529 hnc
268 1467 318 1529 ed.
330 1467 463 1529 refertur
476 1468 516 1529 ad
532 1491 583 1530 an.
605 1469 690 1532 1568.
804 1494 806 1498 ⁴

232 1567 317 1630 1568.
333 1566 481 1628 Coloniae.
495 1568 524 1629 8'.

228 1697 269 1714 -—
285 1667 368 1725 inter
383 1664 505 1747 Scriptt.
522 1663 659 1727 historioe
674 1668 822 1727 Romanae
842 1667 881 1727 ab
900 1668 996 1728 Henr.
1013 1667 1171 1750 Stephano
1187 1684 1257 1749 pu·'

187 1762 315 1824 blicatos
331 1760 416 1823 1568.
428 1763 472 1823 ΙΙΙ
489 1762 566 1824 roll.
581 1765 609 1824 8.
659 1762 663 1775 ’
716 1770 721 1778 ’

232 1856 318 1942 1574·
333 1858 368 1920 C.
381 1860 521 1922 Suetonii
532 1859 708 1944 Tranquilli
725 1881 772 1921 xn
790 1862 935 1935 Caesarcs,
947 1860 1064 1922 Theod.
1077 1862 1251 1921 Pulmanni

190 1955 398 2038 craneburgii
410 1960 509 2041 opera'
517 1969 547 2018 et
557 1958 658 2020 studio
670 1958 835 2018 emendati.
847 1960 884 2018 ln
894 1958 1017 2018 eosdem
1029 1958 1252 2019 annotationes

189 2068 283 2140 atque
297 2055 437 2117 lectionis
453 2058 615 2118 varietates
631 2058 805 2140 expdoctiss.
825 2055 991 2117 hominum
1010 2057 1146 2138 scriptis,
1165 2070 1195 2115 et
1214 2077 1251 2114 ex

188 2155 316 2218 vetustis
326 2153 522 2237 vulgatisque
530 2155 632 2231 libris,
645 2156 684 2215 ab
696 2155 803 2217 eodem
814 2155 958 2214 collectae.
967 2153 1114 2237 Ejusdem
1125 2157 1158 2215 C.
1167 2155 1250 2214 Suet.

187 2235 240 2315 Tr.
261 2253 299 2313 de
319 2252 491 2313 illustribus
510 2255 726 2315 Grammaticis
745 2265 775 2314 et
793 2251 882 2314 claris
899 2251 1081 2313 Rhetoribus
1101 2253 1185 2317 Libr.
1208 2252 1251 2326 ll,

189 2375 263 2416 cum
278 2351 404 2413 Achillis
423 2354 511 2413 Statii
526 2355 624 2413 Lusit.
639 2353 911 2413 commentatione.
930 2354 979 2411 Jo.
998 2355 1086 2434 Bapt.
1106 2352 1251 2431 Egnatii,

106 2505 109 2511 .
190 2453 230 2514 D.
242 2451 363 2510 Erasmi
375 2450 520 2511 Roterod.
532 2463 562 2511 et
573 2452 671 2511 Henr.
683 2452 782 2511 Loriti
794 2451 938 2511 Glareani
953 2451 986 2509 in
999 2451 1181 2510 Suetonium
1196 2470 1252 2508 an·

191 2547 375 2608 notationes.
387 2547 582 2628 Antverpiae,
595 2569 632 2607 ex
645 2545 772 2607 officina
785 2544 962 2628 Christoph.
976 2547 1125 2606 Plautini.
1141 2548 1169 2605 8.

235 2643 321 2724 1578.
332 2646 415 2703 Laer.
425 2645 581 2728 Torrentii
591 2644 625 2703 in
635 2645 669 2703 C.
680 2643 819 2703 Suetonii
828 2646 943 2724 Tranq.
955 2665 1000 2702 ιιι
1016 2646 1146 2704 Caesares
1161 2643 1254 2702 Com-

190 2740 345 2802 mentarii.
360 2740 550 2823 Antverpiae,
567 2760 603 2800 ex
617 2739 698 2801 offic.
717 2737 893 2820 Christoph.
912 2739 1047 2799 Plautin.
1065 2741 1144 2798 8.-
1156 2741 1253 2801 Hunc

192 2834 460 2915 commentarium
475 2857 541 2897 non
553 2837 727 2913 Torrentii,
745 2837 797 2897 sed
813 2837 954 2911 alterius,
972 2838 1074 2895 nescio
1089 2835 1177 2916 cujus
1191 2839 1253 2897 viri

121 2965 127 2973 ⁴
192 2933 291 3010 docti,
305 2944 406 2993 morte
419 2935 586 3015 pravorti,
601 2952 663 2993 esse
677 2934 784 3020 scribit
795 2930 958 3013 Adolphus
973 2934 1057 2992 Occo
1072 2932 1199 3013 Epistol.
1212 2934 1255 2993 ad

190 3027 458 3104 Amersbachium,
470 3030 553 3111 apud
567 3029 715 3089 Patinum
728 3029 898 3089 introduct.
911 3028 950 3088 ad
963 3030 1187 3088 numismatum
1202 3051 1256 3090 ve·

189 3125 494 3206 terumnotitiamp.
510 3145 583 3205 2913
598 3126 657 3187 fide
671 3147 737 3187 non
752 3128 868 3186 incerta
880 3127 992 3200 solum,
1008 3126 1059 3186 sed
1073 3127 1254 3208 suspicione

191 3231 284 3290 etiam
301 3244 413 3308 parum
425 3224 583 3300 credibili,
600 3247 698 3306 quum
710 3227 866 3286 Torrentii
883 3226 1087 3307 eruditionem
1099 3238 1130 3284 et
1143 3224 1256 3286 chara-

189 3335 301 3387 cterem
317 3321 461 3383 dictionis
478 3317 541 3402 ejus
558 3336 640 3383 n'otae
657 3324 751 3383 etiam
765 3323 799 3381 in
813 3324 998 3399 Horatium,
1014 3336 1043 3382 et
1055 3323 1117 3382 alia
1136 3344 1255 3384 monu-

189 3435 295 3483 menta
308 3433 468 3480 testantur.
481 3420 538 3482 Sed
551 3420 612 3481 vid.
628 3431 730 3486 tamen
743 3424 847 3480 Burm.
861 3420 898 3480 de
909 3419 967 3481 hoc
979 3421 1205 3480 commentario
1217 3423 1254 3481 in

189 3521 281 3585 Praef.
298 3519 337 3580 a'd
354 3522 546 3580 Suetonium.
563 3521 642 3581 Cum
660 3520 740 3581 notis
754 3520 896 3601 plurimis
913 3523 985 3580 Mss.
1000 3522 1059 3580 viri
1076 3520 1158 3599 docti
1172 3522 1252 3580 Tor·-

188 3621 280 3683 rentii
288 3619 533 3679 Commentarius
543 3617 592 3679 hic
602 3619 663 3678 fuit
673 3620 706 3678 in
716 3617 794 3679 Bibl.
803 3617 1059 3693 Hohendorfiana
1072 3618 1130 3693 lll,
1147 3641 1177 3700 p.
1190 3622 1246 3680 281

186 3725 232 3801 tq.
247 3716 368 3777 accessit
382 3715 524 3776 thesauro
537 3718 666 3777 librario
679 3717 887 3798 Imperatoris.

232 3815 316 3875 1585.
330 3814 364 3874 C.
376 3814 513 3874 Suetonii
522 3816 636 3896 Tranq.
648 3816 793 3890 Caesares,
806 3814 843 3874 de
856 3815 965 3874 illustr.
977 3815 1116 3874 Gramm.
1127 3828 1157 3873 et
1166 3814 1252 3876 Rhe-

188 3911 249 3973 t'or.
265 3910 428 3990 Lugduni,
445 3909 528 3992 apud
544 3910 663 3994 Gryph.
681 3932 725 3972 12.

233 4008 318 4090 1587.
328 3998 408 4067 Cum
417 4009 971 4084 comm.LaeviniTorrentiiauctiori,
980 4009 1252 4092 etfigg.1lntverp.·

169 4153 179 4169 ,.
191 4117 227 4167 tr
236 4104 318 4167 offic.
331 4103 467 4166 Plautin.
483 4101 512 4179 4.
1248 4112 1252 4121 ’
