2646 4824
32 355 36 360 ’
130 375 164 419 rt
521 360 784 425 PRAEFATIO

129 505 336 579 sententiis
366 505 541 608 ipsisque
569 532 672 608 saepe
708 504 841 581 verbis
871 503 1076 583 clarissimi
1106 511 1187 588 viri

127 642 429 748 Baumgartenii
460 660 635 718 utemur.
662 643 855 719 Eminent
884 644 1049 749 quidem
1079 648 1188 725 inter

128 787 344 891 superioris
364 782 499 861 sacculi
521 782 716 861 editiones
736 804 835 882 tres,
859 785 1185 884 Burmanniana,

129 926 491 1034 Oudendorpiana,
515 945 555 1001 et
573 928 826 1022 Ernestiana,
854 955 877 1002 a
899 925 1053 1005 Wolfio
1074 955 1188 1034 repe·

127 1071 213 1146 tita.
238 1071 435 1147 Institutae
452 1097 501 1143 au
509 1087 588 1144 tem
605 1087 701 1143 sunt
719 1065 887 1146 consilio
904 1086 985 1143 tam
1006 1069 1185 1167 divens0‚

127 1233 175 1288 ut
186 1212 389 1290 diversum
404 1212 524 1287 etiam
538 1237 690 1305 eorum,
702 1212 774 1314 qui
787 1228 973 1307 utuntur,
980 1210 1186 1317 judicium

127 1356 347 1457 requirant.
375 1351 514 1451 Quum
540 1352 648 1426 enim
675 1350 934 1428 Burmannus
955 1355 1187 1458 copiosissi—

127 1523 235 1571 mam
250 1495 579 1591 annotationum,
596 1520 695 1598 quas
709 1494 891 1598 superior
908 1512 1002 1603 aetas
1018 1522 1187 1601 pepere-
1220 1537 1224 1543 ·

129 1654 206 1731 rat,
220 1631 360 1712 silvam
372 1661 445 1711 suo
454 1635 599 1738 suique
611 1635 803 1740 temporis
815 1661 926 1710 more
936 1631 1044 1740 larga
1058 1664 1187 1712 manu

128 1776 319 1872 dedisset,
342 1778 529 1854 successit
543 1775 878 1881 OudendorpiuS,
894 1780 1080 1885 princeps
1100 1778 1187 1856 fere

127 1922 235 1996 inter
260 1922 427 1998 Batavos
452 1923 496 1995 in
528 1906 739 1996 elimandis
768 1922 1004 1998 Latinorum
1038 1950 1187 1999 monu-

130 2068 304 2143 mentis:
330 2052 608 2171 sequutusque
635 2065 786 2146 Graevii
813 2085 853 2141 et
883 2066 1186 2145 Gronoviorum

128 2209 311 2311 vestigia,
333 2224 444 2283 tanta
469 2204 655 2284 excelluit
675 2203 882 2311 diligentia
907 2208 951 2281 in
976 2206 1187 2304 subsidiis,

129 2378 221 2455 qnae
231 2352 352 2425 etiam
365 2377 469 2426 nova
480 2348 590 2424 haud
602 2376 730 2454 panca
741 2350 778 2425 ei
792 2349 1070 2455 suppetebant,
1081 2376 1190 2425 com·

128 2490 316 2596 parandis
328 2509 368 2567 et
386 2489 631 2594 digerendis,
651 2508 739 2564 tum
766 2509 950 2565 accurata
974 2487 1124 2596 linguae
1147 2511 1189 2568 et

128 2663 265 2710 rernm
299 2635 483 2729 scientia,
514 2632 660 2738 judieii
685 2631 862 2736 denique
897 2637 1104 2731 acumine,
1140 2655 1189 2711 ut

129 2777 277 2883 primas
302 2778 344 2851 in
376 2774 620 2852 demerendo
646 2774 723 2850 hoc
752 2792 916 2851 auctore
949 2796 1081 2882 partes
1108 2775 1187 2853 sibi

130 2917 336 2995 vindicare
351 2938 492 3025 posset.
514 2908 658 3024 Neque
676 2920 851 2995 nominis
870 2916 1098 2995 Ernestiani
1114 2949 1188 2996 au·

130 3063 290 3138 ctoritas
304 3060 465 3137 videtur
477 3063 659 3136 animum
677 3079 860 3137 nostrum
876 3060 1014 3139 dehac
1027 3079 1190 3139 senten-

129 3207 184 3281 tia
209 3233 323 3313 posse
349 3202 561 3311 depellere.
589 3204 846 3308 Quamquam
876 3206 985 3282 enim
1015 3206 1189 3280 maxime

131 3345 253 3424 alieni
274 3374 413 3425 sumus
443 3345 494 3422 ab
524 3348 590 3441 iis,
618 3338 757 3451 quiin
779 3343 1010 3421 Ernestium
1032 3345 1188 3450 ubique

131 3490 397 3588 invehuntur,
412 3489 632 3567 fatebimur
641 3508 789 3585 tamen,
806 3518 890 3568 non
901 3517 1057 3595 semper
1068 3489 1188 3565 nobis

82 3640 85 3645 ’
130 3630 327 3740 placuisse
357 3633 601 3730 editionum,
629 3661 729 3739 quas
757 3635 801 3709 in
820 3634 1045 3740 juventutis
1068 3661 1188 3708 usum

129 3778 377 3880 procuravit,
400 3739 609 3854 rationein.
627 3776 808 3882 Aspersac
822 3775 996 3853 subinde
1015 3771 1188 3870 notulae,

130 3918 313 4020 quamvis
332 3917 518 3994 eximiam
538 3916 712 4023 prodant
729 3918 805 3993 viri
830 3915 1118 4011 eruditionem,
1142 3942 1190 3992 cx

129 4086 242 4137 mero
263 4077 399 4136 tamen
425 4057 560 4135 lubitu
584 4060 708 4162 magis
734 4086 858 4165 quam
885 4077 993 4136 certo
1021 4054 1188 4135 consilio
