2646 4824
502 381 539 444 C.
565 377 815 447 SUETONll.
934 329 938 332 ·
1110 409 1187 454 xxxi

127 513 155 559 et
173 501 309 588 Andreae
325 499 462 562 Asulani.
486 502 514 562 8.
529 537 568 547 -
583 501 646 584 [cf.
664 496 738 564 lnd.
760 517 902 565 nostrum
925 505 995 566 edd.
1018 507 1052 569 C.
1075 509 1190 586 Plinii,

129 620 156 680 p.
169 599 235 658 xliii
250 599 320 682 sq]
1019 589 1023 594 ’

170 700 256 758 1510.
269 699 305 757 G.
319 699 461 758 Suetonii
470 701 587 779 Tranq.
605 697 644 757 de
656 700 718 759 vita
733 719 777 759 xu
792 701 946 760 Caesarum
960 704 1109 781 (curante
1122 709 1189 766 Ma-

133 798 214 857 riano
225 799 371 876 Tuccio).
382 798 419 857 ln
427 795 505 856 fine:
517 822 531 853 a
542 799 576 858 C.
589 799 729 857 Suetonii
739 800 853 881 Tranq.
865 820 942 881 opus
952 803 1085 884 explicit.
1097 805 1189 881 Quod

137 894 430 975 summadiligentia
448 897 634 976 castigatum
648 896 813 956 Florentiae
828 919 975 958 excusum
991 915 1034 960 est
1049 920 1143 983 opera
1160 915 1190 963 et

139 991 265 1074 impensa
283 991 425 1074 Philippi
443 991 481 1052 de
497 993 614 1052 Giunta
631 993 803 1052 Florentini
819 996 910 1054 Anno
925 1017 943 1053 a
953 997 1091 1076 Virginis
1106 1020 1189 1060 nun-

143 1090 176 1148 tio
187 1113 218 1149 u.
234 1113 264 1150 n.
280 1113 311 1150 x.
326 1091 433 1150 ldibus
446 1091 620 1167 Februarii,
636 1093 728 1151 Petro
741 1091 892 1152 Soderino
905 1108 1054 1175 perpetuo
1064 1098 1190 1157 Vexilli-

146 1186 193 1247 fero
203 1190 361 1248 existente.
373 1212 387 1244 n
400 1191 428 1248 8.
439 1222 478 1234 -
489 1191 606 1249 Panzer
615 1190 649 1248 T.
662 1190 735 1264 Xll,
749 1211 779 1271 p.
797 1211 842 1249 12.
856 1191 1011 1250 Convenit
1023 1213 1095 1252 cum
1109 1196 1191 1277 Lug-

149 1283 261 1346 dunensi
277 1285 365 1346 1508.

177 1419 209 1430 -
223 1384 508 1444 Commentationes
522 1382 656 1442 conditae
674 1403 692 1441 a
707 1380 854 1464 Philippo
869 1383 1019 1444 Beroaldo
1033 1387 1068 1445 in
1083 1387 1191 1448 Sueto-

153 1484 219 1543 nium
231 1484 463 1565 Tranquillum.
483 1482 603 1542 Additis
620 1503 715 1565 quam
735 1482 878 1563 plurimis
897 1488 1135 1546 annotamentis.
1150 1522 1190 1532 -

154 1581 198 1640 Caii
208 1583 348 1643 Suetonii
357 1583 421 1642 vita
434 1603 488 1664 per
500 1581 681 1662 Philippum
691 1580 889 1640 Beroaldum.
901 1582 967 1640 Caii
979 1583 1115 1643 Suetonii
1127 1586 1192 1644 vita

154 1700 190 1759 per
206 1681 399 1741 Sabellicum.
420 1681 501 1739 Cum
524 1693 703 1739 commento
724 1679 872 1760 ejusdem.
892 1679 1029 1763 Philippi
1049 1685 1190 1744 Beroaldi

154 1776 197 1836 rita
213 1801 265 1861 per
282 1778 546 1839 Bartholomaeum
565 1777 790 1853 Blanchinum,
809 1791 865 1836 etc.
882 1812 922 1823 —
936 1779 973 1838 lu
987 1779 1068 1840 line:
1093 1808 1106 1837 o
1118 1783 1191 1842 Phi·

154 1873 211 1958 lippi
228 1878 370 1938 Bcroaldi
389 1899 449 1939 nec
469 1899 532 1938 non
553 1878 649 1937 Marci
669 1877 798 1936 Antonii
816 1874 959 1937 Sabellici
981 1880 1014 1938 in
1029 1882 1063 1939 C.
1085 1884 1193 1943 Sueto·

154 1975 223 2034 nium
243 1976 463 2058 Tranquillum
488 1976 716 2034 Commentaria
740 1973 884 2032 foeliciter
904 1976 1039 2035 Venetiis
1064 1992 1191 2039 exacta:

154 2092 192 2151 per
204 2072 385 2156 Philippum
402 2074 547 2132 Pincium
562 2074 783 2132 Mantuanum.
800 2073 890 2131 Anno
907 2072 1026 2132 domini
1044 2095 1190 2136 ucccccx.

153 2166 194 2228 llie
203 2191 281 2230 xvur
294 2171 465 2230 Februarii.
478 2170 581 2230 lncliti
594 2170 649 2228 dni
662 2169 718 2228 dni
730 2168 885 2249 Leonardi
901 2170 1077 2231 Lauredani
1093 2176 1192 2234 Vene-

152 2265 246 2328 tiarum
259 2271 354 2329 Ducis
366 2269 548 2328 serenissimi
562 2270 764 2350 Tempestate.
775 2293 789 2323 n
804 2268 869 2327 Fol.
880 2303 919 2312 —-
932 2271 1049 2347 Panzer
1060 2273 1095 2331 T.
1104 2273 1193 2348 Vlll,

151 2363 243 2443 plor·
721 2429 727 2438 .

182 2465 226 2523 151
236 2488 260 2524 ι.
277 2467 310 2526 C.
326 2467 464 2527 Suetonii
476 2468 590 2547 Trauq.
604 2465 642 2526 de
654 2466 830 2526 clarissimis
842 2465 1028 2527 Rhetoribus
1040 2480 1070 2528 et
1083 2469 1193 2528 Gram-

150 2565 250 2624 maticis
268 2563 394 2624 libellus
410 2586 445 2623 ex
465 2563 666 2644 castigatione
686 2564 814 2644 Georgii
832 2563 919 2623 Valle
936 2578 965 2623 et
984 2563 1122 2648 Philippi
1139 2569 1193 2626 Be-

149 2660 390 2722 roaldi.1nfine:
409 2686 422 2717 ιι
433 2664 621 2743 lmpressum
638 2663 739 2743 Lypse
754 2683 808 2743 per
827 2661 1065 2721 Baccalaureum
1082 2661 1192 2723 Guolf-

147 2779 269 2842 gangum
286 2762 506 2821 Monacensem
523 2763 615 2820 Anno
635 2760 740 2819 salutis
758 2759 925 2821 Millesimo
943 2762 1194 2843 quingentesimo

146 2855 303 2918 Undecimo
318 2860 425 2918 Mense
439 2858 533 2918 Julio.
544 2883 557 2914 n
574 2855 603 2932 lp.
617 2893 655 2902 —
668 2858 787 2916 Panzer
798 2858 834 2915 T.
844 2858 919 2933 Vll,
932 2879 963 2938 p.
982 2879 1046 2939 172.
1093 2920 1096 2927 ,

175 2991 211 3001 -
233 2957 398 3017 Suetonius
422 2955 460 3015 de
483 2957 702 3016 Grammaticis
723 2968 755 3014 et
778 2953 973 3014 Rhetoribus.
997 2956 1077 3031 Cum
1098 2954 1194 3014 Plinii
1308 2995 1311 3000 -

142 3050 290 3133 Epistulis,
317 3066 372 3114 etc.
402 3054 526 3112 Parisiis
553 3075 603 3134 ap.
627 3046 717 3132 Egid.
743 3052 921 3111 Gourmont
946 3066 975 3111 et
999 3053 1135 3112 Hemon.
1156 3052 1193 3130 ⁴lc
1308 3132 1311 3137 Ι

140 3149 257 3212 Febvre.
270 3153 299 3211 8.
309 3184 349 3196 -·
362 3154 482 3212 Panzer
493 3154 528 3211 T.
540 3153 612 3227 Vll,
625 3172 657 3232 p.
672 3150 740 3232 557.

176 3251 259 3310 1512.
275 3250 560 3310 Commentationes
574 3247 697 3308 condite
712 3269 730 3307 a
745 3247 891 3329 Philippo
904 3247 1057 3309 Beroaldo
1075 3248 1194 3330 adjecta

139 3346 362 3431 paraphrastica
377 3351 421 3409 M.
438 3351 509 3409 Ant.
529 3347 671 3410 Sabellici
688 3348 939 3428 interpretatione
959 3348 993 3404 in
1008 3349 1192 3408 Suetonium

137 3444 365 3527 Tranquillum,
378 3444 492 3504 additis
502 3466 598 3526 quam
610 3443 752 3526 plurimis
761 3444 1009 3516 annotamentiS,
1023 3464 1092 3524 quai
1106 3457 1141 3503 ut
1151 3445 1194 3504 fae
1256 3509 1270 3520 ⁴

137 3540 218 3602 cilius
239 3557 467 3623 cognoscantur
485 3544 632 3602 Asterisco
644 3542 660 3573 ⁴‘
681 3542 867 3600 notavimus.
890 3538 1038 3618 Ejusdem
1060 3539 1116 3600 Ph.
1136 3543 1192 3600 Be-

136 3642 309 3702 roaldi·vita
323 3663 381 3723 per
394 3641 633 3701 Bartolemaeum
647 3638 855 3699 Blanchinum
874 3638 1054 3718 composita.
1066 3640 1193 3726 Venun·

136 3739 245 3802 dantur
268 3741 433 3801 Parrhisiis
457 3741 513 3800 sub
540 3740 722 3821 intersignio
746 3741 842 3797 trium
866 3737 1060 3796 Coronarum
1084 3738 1193 3798 foelicis
1281 3755 1287 3762 ·

137 3843 265 3904 Coloniae
280 3843 462 3926 Agrippinae
476 3843 514 3901 ln
528 3842 597 3902 vico
614 3841 677 3929 divi
692 3840 809 3900 Jacobi.
827 3873 866 3884 -
883 3839 920 3898 ln
935 3836 1017 3899 fine:
1036 3862 1049 3892 a
1059 3840 1208 3920 Impres·v
1239 3833 1240 3837 ¹

137 3960 198 4000 sum
210 3939 390 4016 ParrhisiiS,
405 3961 496 4020 opera
512 3939 694 4019 cumprimis
704 3936 827 3997 honesti
839 3936 898 3995 viri
909 3936 1049 4016 Magistri
1061 3937 1080 3994 J
1082 3937 1196 3997 oannis
