2646 4824
141 408 182 447 xx
438 384 628 445 ΝΟΤΙΤΙΑ
649 384 898 449 multante

141 519 233 566 exuta
244 504 365 566 feritate
377 507 533 566 rationem
544 505 616 565 vitae
628 501 745 565 habere
757 507 939 586 coepissent,
954 524 1049 587 seque
1061 524 1098 566 ac
1109 508 1195 569 Deos

140 629 214 670 suos
240 628 355 684 nosse,
381 606 501 668 cultum
528 606 690 667 modicum
714 627 751 667 ac
777 626 955 668 sermonem
981 611 1194 670 necessarium

140 712 312 772 commenti
328 724 402 771 sunt
416 711 475 790 (ita
494 730 530 770 ex
543 709 656 770 Isidori
673 711 759 790 Orig.
772 711 861 785 VIII,
880 732 910 793 7,
929 709 997 790 lege
1014 732 1073 792 pro
1088 733 1193 773 couve-

138 813 299 892 uieutibus)
313 812 390 875 sibi:
404 816 568 895 utriusque
581 799 849 898 magnificentiam
862 812 902 872 ad
916 811 1101 894 religionem
1113 817 1194 876 Deo·

136 941 208 981 rum
231 939 361 980 suorum
385 913 646 998 excogitaverunt.
673 918 770 997 Igitur
792 916 911 998 templa
933 916 1016 993 illis,
1043 916 1192 980 domibus

137 1022 334 1105 pulchriora,
354 1035 385 1083 et
400 1021 568 1083 simulacra
582 1017 768 1103 corporibus
787 1020 943 1102 ampliora
962 1019 1129 1082 faciebant.
1144 1023 1192 1083 Ita

136 1124 263 1208 eloquio
277 1127 371 1186 etiam
385 1125 474 1206 quasi
488 1125 667 1203 augustiore
680 1121 886 1183 honorandos
903 1136 1105 1204 putaverunt,
1119 1125 1190 1184 lau·

135 1227 253 1309 desque
271 1247 381 1287 eorum
395 1238 427 1285 et
439 1221 543 1285 verbis
557 1221 797 1300 illustrioribus,
818 1237 849 1284 et
865 1224 1108 1304 jucundioribus
1127 1248 1187 1286 nu-

134 1328 229 1387 meris
243 1325 431 1386 extulerunt.
443 1321 479 1384 Id
494 1343 592 1403 genus
605 1326 679 1406 quia
694 1322 796 1383 forma
810 1323 946 1406 quadam
959 1324 1104 1402 efficitur,
1116 1347 1187 1409 quae

133 1430 238 1493 ποίοτης
252 1425 376 1500 dicitur,
394 1441 508 1505 poema
520 1426 693 1484 vocitatum
707 1437 768 1499 est,
786 1424 915 1507 ejusque
933 1425 1058 1487 fictores
1072 1442 1187 1508 poctae.

386 1662 601 1727 SCRIPTA
630 1655 932 1729 DEPERDITI.

171 1895 286 1955 Murra
308 1892 371 1954 alia
391 1895 561 1975 scripserat
583 1894 764 1969 Suetonius,
786 1913 856 1975 quae
878 1890 1114 1953 interciderunt.
1138 1897 1186 1955 Ex

129 1995 178 2054 his
193 1994 296 2055 fuere:
311 1996 372 2075 Περὶ
384 1999 434 2052 τῶν
444 1994 503 2075 παρ’
517 1978 617 2055 fillum
629 1993 756 2069 παιδιῶν,
769 1993 803 2054 de
816 1992 890 2054 ludis
902 1996 1073 2055 Graecorum
1086 1993 1141 2055 lib.
1154 1998 1184 2072 I,

128 2096 213 2156 Suid.
228 2099 262 2156 in
275 2099 451 2175 Τράγηυλλος,
467 2110 498 2156 et
512 2097 634 2156 Servius
646 2098 680 2155 in
693 2096 722 2155 V
733 2095 853 2175 AEneid.
869 2094 926 2157 ubi
940 2096 1022 2156 male
1035 2118 1184 2158 excusum

128 2200 162 2267 de
172 2221 329 2283 puerorum
341 2198 458 2260 lusibus.
471 2199 615 2259 Laudant
626 2201 721 2259 etiam
732 2202 856 2260 Tzetzes
867 2244 875 2274 ,
887 2199 967 2260 Chil.
980 2203 1022 2262 VI
1032 2203 1112 2263 Hist.
1127 2202 1182 2278 85,

128 2317 160 2364 et
173 2287 354 2362 Eustachius
371 2301 557 2363 aerinas.
574 2301 637 2362 ru.
654 2304 824 2364 rursum
839 2301 956 2364 tortora
972 2303 1053 2364 ceu.
1072 2307 1131 2381 rx,
1152 2329 1182 2388 7.

127 2407 172 2464 De
183 2402 353 2488 spectaculis
363 2418 391 2464 et
403 2403 609 2465 certaminibus
619 2408 838 2480 Romanorum,
850 2407 908 2486 rupi
919 2412 968 2462 τῶν
979 2408 1048 2485 παρὰ
1056 2392 1183 2485 Inpulsu

119 2511 256 2585 ,θεωρικῶν
272 2508 316 2562 καί
329 2508 434 2582 ἀγώνων
453 2503 508 2566 lib.
523 2508 568 2582 II,
586 2506 670 2565 Suid.
689 2509 749 2587 ssepi
762 2515 808 2564 τοῦ
823 2509 888 2565 κατὰ
900 2494 1031 2586 Impatiens
1044 2511 1180 2586 ἐνιαυτοῦ,

127 2608 161 2668 de
169 2611 407 2683 arruoRomuuo,
416 2605 471 2666 lib.
484 2608 513 2684 I,
526 2607 567 2668 id.
582 2612 642 2689 Περὶ
654 2614 704 2666 τῶν
716 2611 741 2665 is
752 2617 805 2675 τοῖς
815 2612 924 2690 βιβλίοις
935 2615 1045 2690 σημείων
1053 2613 1067 2688 ,“
1077 2612 1112 2673 de
1126 2636 1181 2675 no·

124 2712 175 2784 tis,
194 2708 299 2794 quibus
313 2709 411 2769 Critlcr'
423 2691 455 2768 iu
470 2707 549 2769 libris
563 2710 730 2786 utebantur,
742 2709 798 2771 lib.
811 2713 839 2785 I,
851 2712 894 2773 id.
911 2717 971 2793 ssepi
984 2704 1035 2780 τῆξ
1043 2716 1182 2796 Κικέρωνος

125 2814 271 2890 πολιτείας,
292 2831 346 2894 pro
365 2811 510 2871 Ciceronis
527 2811 703 2894 Republica,
726 2812 873 2874 adversus
893 2815 1064 2897 Didymum
1084 2818 1180 2878 Chal-

127 2924 289 2971 centorum
314 2912 563 2973 Grammaticum
589 2914 661 2995 (qui
685 2916 830 2975 Ciceroni
856 2916 1074 2994 maledixerat,
1101 2916 1181 2982 te'ste

125 3012 653 3095 Ammian0,XXlIult.),Suid.Ilspi
667 3017 797 3095 ὀνομάτων
812 3023 904 3098 κυρίων
918 3021 962 3076 καὶ
976 3018 1047 3078 ἰδεῶν
1061 3021 1182 3100 tetrad-

124 3137 189 3188 των,
207 3118 251 3172 καὶ
264 3115 451 3195 ὑποδημάτων,
465 3121 571 3176 καὶτῶν
584 3119 684 3198 ἄλλων,
700 3117 740 3203 οἷς
755 3146 795 3189 τις
807 3125 985 3202 ἀμφιέννυται,
1001 3128 1036 3189 de
1048 3131 1179 3189 nomini·

125 3217 177 3279 bus
193 3221 334 3302 propriis,
353 3232 383 3279 et
399 3219 433 3281 de
449 3221 602 3305 qeueribus
617 3228 752 3303 uestium,
771 3228 854 3288 Suid.
871 3243 902 3290 et
920 3231 1042 3292 Servius
1061 3233 1094 3291 in
1108 3232 1180 3292 VIII

124 3322 192 3381 AEn.
214 3325 273 3402 Περὶ
293 3321 430 3402 δυσφήμων
448 3328 539 3393 λέξεων
560 3326 617 3388 ἤτοι
635 3331 821 3410 βλασφημιῶν,
843 3336 887 3389 καί
906 3333 989 3392 ulau
1008 3334 1122 3409 ἑκάστη,
1144 3334 1180 3396 de

123 3420 239 3483 vocilius
256 3420 331 3483 muli
348 3425 454 3485 ominis
471 3427 529 3487 siue
547 3426 722 3505 maledictis,
740 3444 770 3492 et
787 3433 864 3494 uude
881 3457 1076 3518 quacunque,
1091 3437 1176 3498 Suid.

123 3538 155 3586 et
168 3524 303 3606 Etymol.
316 3527 347 3584 in
363 3527 541 3610 ἀμχολίπαρσς.
556 3535 617 3611 Περὶ
633 3517 739 3612 ῥώμης,
757 3538 801 3592 καί
818 3542 867 3593 τῶν
879 3536 910 3596 Ιίν
924 3541 988 3616 αὐτῇ
1006 3538 1118 3616 νομίμων
1134 3542 1178 3597 καί

122 3630 209 3701 taor,
225 3626 259 3686 de
270 3629 367 3687 Iioma
379 3626 497 3710 ejusque
508 3632 642 3693 institutis
653 3647 682 3694 et
693 3634 832 3710 moribus,
842 3635 915 3696 libri
927 3639 969 3714 ΙΙ,
979 3637 1061 3698 Suid.
1070 3640 1106 3698 In
1114 3639 1177 3701 hoc

122 3752 217 3812 opere
230 3728 370 3790 Fortassis
382 3732 554 3793 tradiderat
565 3737 786 3819 etymologiam
798 3743 884 3800 vocis
896 3740 1063 3822 triumphi,
1080 3762 1176 3823 quam

121 3857 138 3895 e
149 3829 333 3915 Tranquillo
344 3831 434 3895 affert
442 3837 595 3915 Isidorus,
609 3842 722 3917 XVIII,
732 3863 766 3918 2,
778 3844 955 3923 Originum.
969 3847 1101 3922 Στίμματα
1117 3828 1175 3902 io-

118 3934 199 4013 μαίων
218 3935 364 4012 ἐπισήμων,
384 3937 564 4016 Stemmata,
577 3943 642 4002 sive
657 3941 844 4026 Genealoqioe
859 3943 1015 4006 illustrium
1026 3950 1176 4011 Romana·

119 4063 200 4118 rum,
223 4041 307 4106 Suid.
328 4040 407 4102 libri
423 4043 475 4103 Ill
491 4042 525 4103 de
542 4043 681 4130 Rupibus,
701 4067 780 4130 quus
799 4051 939 4111 carmine
957 4052 991 4111 in
1010 4053 1173 4134 epitomen
